3292 5100
1185 427 1633 476 cnscoams
1674 428 1734 476 x.
1779 428 1928 476 1272.
2724 426 2801 485 57

753 747 842 756 -—
974 715 1195 774 Eidem.
1241 715 1320 773 Ut
1361 714 1638 773 victualia
1681 732 1788 789 pro
1833 714 2099 792 passagio
2144 716 2390 790 prestari
2420 715 2593 775 faciat
2621 718 2807 792 patri-

624 804 1361 952 {thg5ger08015mimo'
1426 835 1506 846 —
1571 804 1779 877 „Sicut
1842 804 1952 862 alie
2011 805 2207 863 nostre
2267 805 2465 864 littere
2476 811 2523 863 “.
2602 807 2659 866 C.
2678 808 2807 957 ,ἐξ

750 1035 838 1045 -
971 1001 1118 1078 Regi
1163 1001 1517 1059 Francorum
1559 1000 1797 1060 illustri.
1846 999 2143 1059 Consortat
2187 1019 2324 1060 eum
2341 1044 2355 1072 ,
2406 1003 2478 1060 ut
2519 1002 2702 1077 patris
2745 1003 2810 1063 in

624 1090 945 1150 virtutibus
976 1091 1242 1149 imitetur
1272 1091 1505 1148 semitas
1537 1092 1597 1147 et
1627 1090 1802 1148 deum
1831 1090 2051 1149 timeat.
2085 1122 2173 1132 —-
2203 1090 2300 1161 „Si
2330 1091 2576 1150 eximii“.
2630 1092 2687 1151 C.
2722 1093 2803 1151 49

623 1179 721 1240 fol.
758 1173 890 1240 251³.
2677 1186 2807 1242 718

748 1320 836 1365 ,—
974 1286 1225 1346 Oliverio
1256 1287 1327 1345 de
1357 1286 1643 1345 Termulis
1674 1286 1865 1346 militi.
1914 1287 1984 1346 Se
2028 1289 2196 1362 paret
2237 1288 2322 1346 ire
2366 1287 2439 1345 ad
2478 1287 2806 1346 subsidium

630 1377 784 1435 terre
816 1379 1027 1436 sancte.
1064 1411 1145 1421 -
1179 1377 1315 1448 „Pie
1347 1376 1724 1435 devocionis“.
1775 1377 1830 1435 C.
1866 1377 1946 1435 49
1980 1376 2078 1434 fol.
2116 1369 2246 1434 87¹³.
2675 1383 2805 1437 '719

749 1516 839 1526 —
972 1483 1302 1543 Patr-iarche
1320 1485 1360 1542 J
1360 1483 1822 1542 erusalemitano.
1856 1483 2086 1541 Dicitur
2114 1483 2443 1558 patriarcha
2459 1484 2523 1542 in
2541 1484 2805 1559 expensis

619 1573 896 1632 faciendis
939 1591 1045 1649 pro
1075 1573 1310 1650 negotio
1339 1574 1494 1632 terre
1526 1574 1721 1632 sancte
1753 1573 1814 1632 et
1842 1572 2167 1648 specialiter
2196 1573 2260 1631 in
2290 1572 2681 1648 stipendiariis
2711 1591 2803 1632 as-

621 1661 916 1721 sumendis
963 1663 1029 1721 in
1091 1661 1418 1721 subsidium
1465 1665 1618 1721 terre
1673 1664 1869 1721 sancte
1917 1661 2139 1737 aliquid
2200 1661 2529 1723 detraxisse.
2588 1662 2805 1734 Monet,

622 1753 917 1828 quatinuS,
950 1752 1000 1811 si
1030 1752 1134 1811 hec
1163 1771 1300 1811 vera
1329 1752 1464 1822 sint,
1495 1752 1601 1810 hec
1629 1751 1885 1810 remedio
1914 1752 2204 1830 corrigere
2234 1751 2483 1811 studeat.
2506 1786 2586 1794 —
2608 1751 2805 1824 „Circa

620 1840 1044 1900 commissum“.
1079 1842 1134 1899 C.
1161 1841 1238 1900 ‘79
1274 1840 1373 1900 fol.
1407 1833 1538 1899 87¹³.
2670 1847 2802 1902 '720

743 1978 831 1990 --
962 1948 1115 2007 Duci
1142 1950 1202 2006 et
1230 1947 1524 2006 communi
1553 1947 1924 2007 Venetorum.
1972 1947 2298 2026 Significat,
2329 1966 2530 2025 regem
2559 1949 2797 2009 Francis

621 2035 704 2095 ad‘
722 2037 1210 2096 manutenendam
1239 2038 1456 2096 terram
1486 2039 1745 2095 sanctam
1785 2055 2018 2114 rogasse
2033 2080 2048 2108 ,
2095 2039 2167 2096 ut
2194 2037 2447 2097 militare
2476 2038 2570 2097 vel
2597 2039 2803 2098 navale

617 2125 942 2185 subsidium
985 2128 1091 2185 aut
1135 2126 1341 2185 saltem
1389 2126 1781 2200 quantitatem
1823 2127 2081 2201 aliquam
2127 2126 2197 2185 de
2238 2127 2485 2203 pecunia
2513 2127 2801 2203 preberet.

616 2216 774 2275 Petit
821 2236 855 2274 a
900 2215 1045 2275 duce
1060 2258 1075 2286 ,
1122 2217 1194 2274 ut
1233 2217 1354 2274 tres
1394 2215 1574 2274 bonas
1624 2216 1835 2293 galeae,
1880 2233 2025 2291 quas
2068 2216 2439 2290 promiserat,
2490 2216 2562 2274 ad
2606 2219 2802 2293 partes

615 2304 921 2363 orientales
994 2305 1249 2364 instante
1305 2304 1578 2382 Augusto
1654 2304 1886 2382 dirigat.
1961 2336 2050 2347 —
2126 2347 2158 2377 „
2180 2304 2273 2363 Ad
2348 2306 2801 2381 compassionem

616 2396 855 2453 status“.
903 2394 958 2453 O.
994 2395 1075 2453 49
1108 2393 1208 2454 fol.
1244 2394 1346 2453 88.
1480 2395 1553 2452 In
1582 2412 1631 2453 e.
1665 2412 1739 2451 m.
1774 2393 2087 2470 capitaneis
2101 2437 2117 2466 ,
2149 2394 2386 2453 consilio
2417 2396 2478 2453 et
2506 2395 2801 2454 communi

615 2484 655 2543 J
655 2484 1019 2556 anuensium,
1052 2485 1287 2560 excepta
1316 2483 1578 2542 clausula
1623 2482 1841 2560 quibus
1871 2484 2048 2542 etiam
2077 2501 2264 2559 usque
2294 2483 2592 2562 assignari.
2727 2486 2800 2544 In

617 2591 665 2634 e.
698 2595 774 2632 m.
808 2574 1023 2634 vicario
1054 2575 1115 2632 et
1142 2573 1440 2632 communi
1468 2573 1934 2633 Massiliensium.
2672 2580 2797 2637 721

747 2713 837 2723 -
969 2680 1266 2740 Universis
1294 2679 1732 2756 archiepiscopis
1749 2723 1764 2751 ,
1809 2679 2091 2757 episcopis
2120 2681 2225 2739 etc.
2258 2699 2366 2756 per
2393 2699 2647 2758 regnum
2674 2683 2798 2741 An—

616 2770 734 2848 glie
764 2770 1111 2830 constitutis.
1158 2769 1364 2847 Rogat,
1396 2772 1468 2828 ut
1495 2768 1624 2846 regi
1654 2769 1885 2846 Anglie,
1929 2773 2054 2829 tam
2085 2769 2405 2847 grandibus
2443 2771 2706 2846 expensis
2735 2774 2800 2830 in

615 2859 940 2919 subsidium
983 2861 1139 2919 terre
1182 2860 1375 2918 sancte
1424 2860 1682 2936 gravato,
1713 2860 1785 2917 de
1827 2859 2153 2919 redditibus
2183 2858 2627 2919 subventionem
2656 2878 2793 2920 con-

615 2949 844 3009 cedant.
875 2983 963 2991 —
993 2948 1332 3022 „Attendite
1361 2947 1622 3008 fiatres“.
1670 2949 1725 3007 C.
1761 2949 1841 3007 49
1876 2948 1974 3009 fol.
2011 2942 2141 3008 88¹0.
2670 2955 2797 3011 722

741 3086 829 3098 --
961 3055 1407 3132 Archiepiscopo
1424 3055 1687 3130 Aquensi
1706 3058 1886 3132 apost.
1908 3055 2058 3115 sedis
2075 3056 2286 3133 legate.
2320 3055 2643 3114 Committit
2660 3074 2798 3117 eum

610 3146 874 3223 legatum
903 3144 977 3203 ad
1019 3144 1396 3222 pacificandas
1438 3145 1636 3221 partes
1679 3144 2039 3205 Lombardie.
2071 3178 2154 3189 --
2187 3143 2408 3219 „Quam
2454 3147 2531 3203 sit
2572 3145 2793 3205 nobis“.

618 3236 674 3293 C.
709 3235 789 3294 49
824 3234 920 3293 fol.
957 3232 1089 3294 89¹³.
2672 3240 2798 3296 728

737 3373 820 3385 --
954 3340 1175 3401 Eidem.
1221 3342 1300 3400 Ut
1331 3358 1706 3416 quoscunque
1736 3341 1995 3417 Yspanos
2010 3384 2024 3412 ,
2070 3340 2446 3400 Theotonicos
2489 3342 2585 3400 vel
2628 3342 2789 3417 alios,

611 3429 1013 3490 Lombardiam
1043 3430 1116 3488 ad
1144 3430 1495 3490 turbandam
1524 3448 1726 3507 pacem
1755 3430 1942 3506 ipsius
1984 3430 2216 3506 ingredi
2244 3432 2663 3506 presumentes,
2695 3450 2794 3491 ex-

612 3520 1014 3579 communicet.
1051 3554 1119 3566 ·-
1167 3519 1362 3593 „Licet
1391 3538 1495 3595 per
1526 3519 1776 3578 datam“.
1825 3520 1880 3577 C.
1917 3520 1999 3578 49
2033 3519 2129 3578 fol.
2167 3519 2269 3579 90.
2666 3528 2799 3584 724

750 3679 838 3688 —-
971 3645 1192 3705 Eidem.
1238 3646 1318 3704 Ut
1345 3646 1663 3704 tractatum
1691 3644 1849 3719 pacis
1876 3644 2033 3703 inter
2049 3644 2441 3704 Bononienses
2471 3647 2533 3704 et
2549 3646 2800 3706 Venetos

612 3735 911 3811 inceptum
942 3734 1218 3810 perficiat.
1241 3767 1323 3777 —
1356 3733 1798 3805 „Desiderantes
1826 3734 1982 3809 pacis
2011 3732 2258 3793 federa“.
2306 3735 2337 3793 I
2353 3733 2394 3792 b
2407 3734 2430 3792 i
2444 3734 2482 3793 d
2498 3753 2531 3793 e
2546 3754 2623 3795 m.
2670 3740 2796 3796 '725

734 3891 818 3903 --
953 3859 1235 3937 Magistro
1278 3858 1496 3918 ordinis
1539 3858 1792 3917 fratrum
1839 3858 2287 3918 Predicatorum.
2336 3859 2416 3917 Ut
2429 3903 2445 3931 ,
2490 3860 2540 3919 si
2583 3860 2794 3933 credat,

612 3967 672 4008 se
703 3966 870 4026 posse
900 3948 1056 4007 inter
1085 3949 1125 4006 J
1126 3966 1408 4008 anuenses
1439 3949 1500 4007 et
1529 3948 1796 4018 Venetos,
1827 3966 2057 4007 necnon
2086 3951 2147 4007 et
2174 3949 2331 4007 inter
2358 3948 2515 4024 ipsos
2545 3949 2796 4011 Venetos

609 4040 670 4097 et
699 4039 1089 4097 Bononienses
1119 4038 1275 4113 pacis
1305 4037 1499 4096 federa
1538 4037 1851 4096 reformare
1868 4080 1883 4108 ,
1930 4037 2183 4097 destinet
2226 4038 2452 4113 aliquos
2493 4038 2796 4116 religiosos

611 4128 768 4187 viros
798 4127 1240 4202 circumspectos
1270 4127 1344 4184 ad
1373 4127 1669 4187 civitatem
1688 4127 1728 4186 J
1728 4145 2061 4187 anuensem.
2088 4160 2168 4173 -
2186 4127 2308 4198 „De
2338 4129 2441 4185 tue
2472 4127 2795 4189 devotionis

610 4217 994 4276 sinceritate“.
1041 4217 1096 4274 C.
1133 4217 1213 4274 49
1248 4215 1344 4274 fol.
1381 4215 1513 4275 90¹³.
2662 4224 2795 4280 726

734 4372 825 4383 -—
957 4340 1403 4416 Archiepiscopo
1420 4340 1685 4416 Aquensi
1703 4342 1883 4416 apost.
1906 4340 2056 4400 sedis
2076 4341 2288 4417 legato,
2320 4341 2454 4399 Non
2471 4344 2792 4417 permittat,

610 4431 681 4489 ut
708 4429 1031 4490 Placentini
1075 4431 1495 4489 monasterium
1537 4430 1609 4488 de
1640 4430 1918 4489 Columba
1949 4429 2338 4492 Cisterciensis
2377 4430 2595 4490 ordinis
2609 4475 2624 4506 ,
2655 4434 2790 4492 Pla-
