3292 5100
493 395 573 452 56
1361 392 1809 441 GREGORIUS
1847 394 1906 441 X.
1967 394 2113 441 1272.

496 554 681 614 1272.

806 663 1062 722 intendit
1103 663 1400 739 deputare.
1462 662 1652 738 Super
1699 663 1789 721 his
1838 664 2201 723 voluntatem
2248 664 2407 741 regis
2451 664 2644 724 Sicilie
2696 665 2864 740 petit.
2908 697 3012 706 ——

807 753 1248 826 „Desiderantes
1277 753 1433 811 inter
1462 753 1574 811 te“.
1607 753 1684 810 II.
1716 752 1793 811 id.
1825 753 1881 810 Ν
1882 771 1969 812 ov.
2004 753 2059 811 C.
2095 753 2176 811 49
2210 751 2310 813 fol.
2345 746 2476 812 28¹0.
2862 759 3001 814 '704

488 860 632 919 Nov.
667 859 764 920 18.
809 859 1026 935 Apud
1057 860 1326 919 Urbem
1371 862 1720 919 veterem.
1767 860 1829 917 P.
1867 860 2120 929 20,642.
2166 860 2473 918 Processus
2516 860 2754 920 habitus
2798 862 3004 920 contra

809 950 961 1008 cives
991 950 1052 1007 et
1082 966 1385 1008 commune
1403 950 1748 1008 Pisanorurn
1766 949 1830 1007 in
1862 949 2009 1008 festo
2045 949 2418 1008 dedicationis
2449 949 2683 1008 basilice
2714 950 2998 1025 principis

808 1039 1217 1113 apostolorum,
1249 1057 1366 1113 quo
1384 1038 1686 1097 confirmat
1714 1056 1811 1097 eos
1841 1039 2362 1098 excommunicatos
2391 1040 2765 1116 privatosque
2797 1040 2995 1115 ponti-

806 1127 958 1186 ficali
1000 1127 1302 1205 dignitate.
1349 1160 1437 1170 -—
1481 1128 1675 1199 „Licet
1717 1146 1838 1186 non
1882 1128 2005 1186 sine
2051 1129 2271 1205 gravi“.
2331 1128 2547 1188 Actum
2590 1129 2748 1206 apud
2780 1129 2996 1188 Urbem

810 1219 1067 1276 veterem
1097 1236 1132 1275 a
1168 1212 1258 1275 1⁰.
1294 1218 1376 1275 46
1408 1236 1464 1292 p.
1503 1218 1583 1275 63
1616 1217 1724 1300 A1·
2864 1223 2993 1278 705

536 1366 568 1395 ,,
668 1323 766 1381 18.
947 1366 979 1394 ,,
1158 1325 1464 1383 Processus
1507 1325 1710 1383 eodem
1754 1323 1846 1382 die
1888 1324 2123 1383 habitus
2153 1325 2353 1383 contra
2382 1325 2755 1399 Veronenses,
2789 1325 2992 1384 ducem

807 1413 1049 1473 Bavarie
1079 1415 1187 1473 etc.
1222 1413 1302 1472 47
1337 1433 1396 1489 p.
1432 1414 1513 1471 65
1547 1415 1652 1497 A1·
2863 1420 2990 1476 706

536 1561 572 1591 ,,
671 1519 769 1579 18.
948 1563 980 1591 ,,
1161 1521 1468 1579 Processus
1499 1522 1698 1579 contra
1727 1520 1878 1579 cives
1910 1521 2200 1580 SenenseS.
2252 1520 2333 1579 48
2366 1540 2423 1596 p.
2460 1520 2541 1578 65
2574 1522 2677 1605 ΑΊ.
2862 1528 2987 1582 707

541 1668 574 1699 ,,
674 1626 770 1684 18.
952 1671 985 1700 ,,
1164 1627 1470 1686 Processus
1500 1629 1700 1686 contra
1729 1628 2052 1703 PapienseS.
2087 1629 2169 1686 49
2203 1648 2260 1704 p.
2298 1629 2378 1687 66
2411 1627 2485 1712 A¹
2504 1674 2518 1687 .
2863 1635 2990 1690 708

540 1774 574 1802 ,,
669 1733 769 1791 26.
949 1777 982 1806 ,,
1161 1734 1214 1793 S.
1236 1735 1501 1811 episcopo
1521 1734 1873 1793 Cicestrensi.
1920 1734 2264 1794 Absolvitur
2292 1734 2365 1794 ab
2385 1735 2991 1808 excommunicatione,

813 1841 990 1897 quam
1018 1823 1268 1882 incurrit
1296 1824 1619 1882 adherendo
1640 1824 1881 1900 Symoni
1911 1824 1982 1882 de
2001 1824 2342 1884 Monteforti
2363 1826 2425 1882 et
2441 1824 2571 1883 aliis
2587 1825 2762 1902 regni
2779 1825 2996 1902 Anglie

806 1912 1223 1971 turbatoribus,
1245 1945 1334 1956 —
1364 1913 1562 1984 „Sicut
1578 1913 2024 1973 intelleximus“.
2056 1914 2152 1974 VI.
2173 1914 2286 1971 kal.
2308 1914 2441 1972 Dec.
2467 1913 2546 1972 87
2571 1932 2627 1988 p.
2654 1913 2732 1971 27
2756 1914 2828 1974 A.
2860 1920 2993 1974 709

494 2013 832 2096 (Nov.Dec.)
933 2018 1018 2095 (,‚)
1168 2020 1314 2097 Regi
1358 2020 1546 2079 Sicilie
1588 2020 1825 2078 illustri.
1892 2018 2104 2078 Scribit
2146 2020 2199 2078 ei
2215 2064 2229 2092 ,
2274 2021 2346 2078 ut
2388 2021 2454 2077 in
2497 2019 2746 2079 illustris
2789 2022 2996 2098 regine

808 2108 1045 2167 Francie
1076 2109 1357 2168 discordia
1386 2109 1503 2168 odii
1520 2109 1851 2185 ,cujuslibet
1879 2109 2186 2186 extinguat
2204 2108 2436 2168 fomites
2453 2111 2514 2168 et
2533 2110 2690 2185 pacis
2717 2109 2998 2169 reformet

810 2197 1229 2274 integritatem,
1250 2199 1398 2257 circa
1417 2198 1520 2256 hec
1538 2201 1739 2257 autem
1758 2198 1885 2267 hiis,
1910 2216 2023 2273 que
2041 2199 2099 2256 T.
2122 2198 2449 2274 patriarcha
2465 2199 2505 2256 J
2506 2199 2996 2276 erosolymitanus

810 2289 990 2361 apost.
1037 2287 1187 2346 sedis
1234 2289 1470 2364 legatus
1514 2288 1568 2345 ei
1612 2286 1947 2363 exponenda
1977 2288 2234 2358 duxerit,
2265 2287 2440 2345 fidem
2469 2287 2859 2347 indubitatam
2887 2288 2994 2346 ad-

811 2375 1025 2434 hibeat.
1059 2409 1149 2419 —-
1182 2376 1310 2447 „Ad
1340 2378 1497 2453 pacis
1525 2377 2067 2453 tranquillitatem“.
2116 2377 2173 2436 C.
2208 2378 2289 2435 49
2322 2375 2419 2435 fol.
2457 2377 2555 2435 28.
2861 2383 2996 2437 710

615 2480 702 2559 (,,)
927 2482 1012 2560 (,,)
1164 2484 1383 2562 Regine
1413 2484 1652 2542 Francie
1694 2483 1927 2541 illustri.
1977 2483 2193 2542 Suadet
2235 2483 2307 2541 ad
2338 2501 2538 2560 pacem
2567 2501 2701 2542 cum
2729 2502 2868 2563 rege
2898 2483 2995 2542 Si-

812 2572 942 2630 cilie
971 2573 1304 2633 ineundam.
1334 2606 1424 2616 -—
1453 2574 1654 2645 „Sicut
1681 2592 1848 2632 nosse
1879 2576 1989 2632 te“.
2039 2574 2093 2631 C.
2130 2574 2210 2632 49
2243 2573 2342 2632 fol.
2379 2567 2510 2632 28¹0.
2859 2579 2991 2634 711

610 2675 698 2754 (,,)
952 2722 984 2751 ,,
1163 2680 1384 2758 Regine
1426 2681 1640 2758 Anglie
1684 2680 1919 2739 illustri.
1968 2680 2185 2739 Suadet
2231 2680 2305 2739 ad
2333 2698 2533 2756 pacem
2562 2698 2698 2739 cum
2726 2700 2866 2759 rege
2897 2681 2989 2740 Si-

808 2768 937 2827 cilie
966 2769 1299 2843 ineundam,
1331 2802 1420 2813 —
1450 2771 1652 2842 „Sicut
1682 2788 1848 2829 nosse
1877 2772 1990 2828 te“.
2040 2770 2097 2829 C.
2131 2770 2212 2828 49
2246 2769 2341 2828 sol.
2380 2770 2478 2828 29.
2865 2775 2990 2831 712

624 2906 714 2917 —
936 2908 1024 2917 —-
1156 2876 1302 2955 Regi
1330 2878 1683 2936 Francorum
1712 2876 1946 2934 illustri.
1993 2876 2230 2952 Expetit
2271 2876 2343 2934 ab
2374 2894 2442 2934 eo
2472 2878 2626 2935 terre
2658 2880 2853 2936 sancte
2882 2897 2989 2936 au—

808 2964 1030 3023 xilium.
1050 2998 1139 3007 —
1156 2967 1442 3040 „Devotos
1470 2966 1631 3043 regie
1663 2965 2039 3024 serenitatis“.
2087 2965 2124 3024 S
2143 2965 2267 3024 ine
2297 2967 2475 3024 nota
2506 2965 2661 3024 diei
2690 2968 2768 3024 et
2797 2985 2989 3026 men-

811 3054 932 3114 sis.
980 3055 1035 3112 C.
1072 3055 1153 3114 49
1187 3076 1244 3132 p.
1281 3056 1379 3114 24.
2864 3060 2987 3117 713

624 3173 704 3186 —
934 3177 1022 3187 —
1156 3146 1301 3223 Regi
1317 3145 1670 3203 Francorum
1687 3143 1921 3202 illustri.
1951 3142 2155 3220 Rogat,
2188 3145 2259 3201 ut
2290 3142 2417 3215 hiis,
2451 3162 2566 3220 que
2596 3162 2703 3219 per
2720 3144 2987 3204 abbatem

809 3234 1144 3292 monasterii
1165 3235 1484 3294 casinensis
1503 3236 1563 3292 et
1578 3234 1793 3292 litteris
1819 3233 1872 3291 ei
1905 3233 2221 3292 salubriter
2250 3235 2665 3311 suggerentur,
2696 3252 2803 3310 pro
2833 3237 2984 3294 terre

809 3324 1002 3380 sancte
1033 3323 1288 3382 subsidio
1331 3342 1499 3382 aures
1540 3323 1825 3400 benignas
1856 3321 2143 3382 adhibeat.
2173 3354 2262 3365 —
2292 3323 2594 3395 „Latorem
2622 3325 2983 3399 presentium

809 3411 882 3469 ad
910 3414 1220 3471 nostram“.
1272 3414 1325 3471 C.
1366 3413 1446 3471 49
1480 3432 1536 3488 p.
1573 3406 1704 3470 24¹0.
2860 3419 2984 3475 '714

623 3531 707 3542 —
933 3534 1022 3542 —
1155 3501 1300 3579 Regi
1316 3502 1670 3560 Francorum
1687 3491 1924 3559 illustri.
1969 3499 2173 3578 Rogat,
2208 3501 2485 3576 quatinus
2503 3501 2800 3561 Bernardo
2820 3502 2983 3562 Scoto

810 3591 871 3647 et
889 3588 1201 3649 Guillelmo
1232 3591 1301 3650 de
1328 3591 1556 3661 Vetula,
1587 3591 1812 3651 civibus
1842 3592 1903 3648 et
1932 3589 2348 3649 mercatoribus
2377 3590 2728 3651 Placentinis
2758 3610 2863 3651 seu
2891 3592 2982 3668 ip-

809 3697 1007 3737 sorum
1037 3682 1192 3738 certo
1222 3682 1448 3751 nuntio,
1478 3680 1692 3739 litteris
1722 3682 1782 3738 et
1810 3680 2200 3738 instrumento
2216 3679 2374 3757 regis
2391 3681 2638 3755 receptis
2656 3681 2727 3739 de
2753 3682 2980 3753 10,000

805 3769 1013 3827 marcis
1030 3788 1137 3845 pro
1158 3770 1538 3829 subventione
1557 3773 1714 3828 terre
1734 3772 1926 3828 sancte
1957 3769 2040 3826 eis
2070 3770 2166 3827 vel
2196 3787 2399 3827 eorum
2426 3770 2637 3829 nuntio
2668 3771 2732 3829 in
2761 3772 2983 3831 statuto

808 3858 1058 3917 termino
1088 3860 1407 3934 plenariam
1437 3859 1608 3917 faciat
1638 3858 2085 3918 satisfactionem
2113 3857 2388 3933 impendi.
2425 3890 2506 3900 —
2540 3859 2670 3930 „Ad
2698 3860 2981 3936 recipien—

809 3947 953 4005 dum
980 3966 1087 4022 pro
1116 3952 1228 4007 te“.
1278 3950 1332 4007 C.
1368 3950 1449 4007 49
1484 3967 1538 4023 p.
1577 3941 1707 4006 241³.
2854 3954 2981 4011 715

619 4069 706 4082 —
932 4070 1020 4079 ——-
1152 4037 1297 4114 Regi
1341 4037 1530 4096 Sicilie
1567 4038 1801 4096 illustri.
1862 4038 1980 4096 Rex
2022 4036 2258 4095 Francie
2306 4036 2405 4094 25.
2452 4037 2614 4095 milia
2657 4057 2981 4099 marcarum

807 4128 1037 4203 argenti
1056 4146 1162 4203 pro
1182 4127 1439 4186 subsidio
1469 4129 1623 4185 terre
1654 4130 1848 4186 sancte
1879 4125 2198 4201 deputavit.
2247 4125 2572 4184 Committit
2598 4128 2980 4203 patriarcham

805 4217 845 4274 J
845 4216 1354 4276 erosolemitanum
1395 4218 1456 4274 et
1496 4219 1668 4293 rogat
1681 4259 1695 4287 ,
1741 4218 1812 4274 ut
1855 4214 2235 4275 desideratam
2265 4214 2710 4275 subventionem
2743 4236 2848 4293 pro
2876 4236 2978 4277 nc-

807 4307 968 4382 gotio
1013 4309 1168 4365 terre
1212 4307 1405 4363 sancte
1447 4305 1701 4380 prebeat.
1736 4339 1822 4347 —
1854 4304 2193 4376 „Carissimo
2236 4304 2301 4362 in
2332 4303 2557 4363 Christo
2586 4305 2760 4367 filio“.
2809 4307 2864 4367 C.
2897 4307 2976 4365 49

805 4395 900 4453 fol.
939 4396 1037 4453 25.
2854 4401 2979 4457 716
