3292 5100
1150 445 1154 449 -
1233 419 1685 467 esseomus
1722 420 1977 468 x.1273.
2741 418 2820 476 61

651 689 814 766 gotio
840 679 1232 759 recesserunt3
1277 688 1406 747 ideo
1450 689 1808 747 renovantur
1837 687 2469 747 excommunicationes,
2507 716 2585 729 --·
2620 686 2829 760 „Occa-

650 779 861 837 sione“.
899 778 935 836 8
967 796 1027 855 pl.
1065 777 1186 837 103
1219 778 1325 861 A4.
2700 779 2828 836 757

326 884 474 961 Apr.
507 884 607 946 27.
653 884 870 961 Apud
899 883 1165 943 Urbem
1209 885 1564 943 veterem.
1610 884 1674 943 P.
1712 882 1977 957 20,'722:
2010 884 2083 942 In
2114 902 2160 942 e.
2193 904 2270 942 m.
2306 881 2637 945 VenerabiJi
2665 880 2833 939 fratri

651 1003 673 1033 .·
792 973 1087 1040 catholica
1129 973 1160 1031 1
1195 993 1251 1050 p.
1293 973 1411 1033 101
1447 973 1554 1057 A4.
2701 975 2832 1031 758

366 1078 428 1163 (,,
524 1076 654 1162 27.)
777 1076 867 1161 (,,)
1016 1080 1347 1139 Patr-iarche
1377 1080 1418 1138 J
1417 1079 1881 1156 erosolymitano.
1927 1080 2006 1138 Ut
2034 1079 2235 1140 eadem
2263 1080 2503 1139 concilia
2530 1078 2833 1137 transmit-

649 1170 826 1230 tenda
867 1171 1049 1229 curet.
1091 1201 1180 1212 -—
1224 1169 1589 1243 „Videntes“.
1637 1171 1673 1229 2
1724 1188 1780 1245 p.
1836 1169 1955 1228 101
2004 1170 2110 1254 A4.
2244 1170 2317 1228 In
2360 1188 2415 1229 e·.-
2439 1189 2516 1227 m.
2565 1167 2833 1244 episcopo

651 1259 1054 1319 Anteradensi.
2706 1259 2834 1316 759

333 1366 493 1442 Sept.
556 1368 611 1425 3.
657 1365 824 1442 Apu
839 1366 878 1424 d
907 1384 950 1425 S.
984 1366 1213 1425 Cruce
1228 1385 1304 1426 m.
1350 1366 1391 1424 J
1390 1365 1606 1424 ohanni
1635 1383 1679 1424 S.
1708 1365 1932 1424 Nicolai
1960 1367 2026 1425 in
2055 1383 2276 1424 carcere
2305 1365 2569 1423 'lulliano
2600 1363 2836 1422 diacono

659 1455 952 1515 cardinali.
997 1457 1076 1514 Ut
1102 1456 1363 1530 inquirat
1377 1500 1392 1528 ,
1423 1474 1570 1514 num
1599 1473 1789 1514 comes
1818 1455 2287 1514 Aldebrandinus
2301 1497 2316 1526 ,
2362 1454 2552 1513 dictus
2580 1452 2835 1525 Rabona,

654 1544 962 1621 culpabilis
993 1545 1070 1603 sit
1097 1544 1163 1603 in
1190 1562 1330 1604 nece
1357 1544 1595 1604 Henrici
1624 1544 1697 1602 de
1713 1545 2073 1616 Alemannia,
2105 1543 2483 1621 primogeniti
2499 1541 2742 1615 Ricardi‚
2772 1541 2838 1600 in

656 1634 1049 1695 Romanorum
1091 1652 1294 1712 regem
1336 1634 1523 1693 electi.
1568 1666 1659 1677 —
1702 1634 1790 1708 „A
1834 1634 2162 1694 memoria“.
2208 1634 2314 1693 III.
2365 1652 2499 1692 non.
2547 1633 2702 1709 Sept.
2752 1631 2835 1690 35

654 1744 712 1801 p.
751 1725 781 1783 1
795 1723 872 1783 13
905 1724 1009 1808 A4.
2705 1726 2836 1782 760

555 1832 613 1892 8.
790 1873 823 1903 ,,
1000 1830 1220 1889 Eidem.
1266 1830 1345 1889 Ut
1361 1831 1402 1889 J
1401 1830 1575 1890 acobo
1594 1831 1667 1889 de
1688 1830 1910 1914 Gniss'ffi’
1940 1832 2006 1890 in
2033 1830 2416 1907 penitentiam
2446 1848 2687 1889 suorum
2716 1847 2837 1888 sce-

656 1921 849 1980 lerum
866 1921 929 1979 in
945 1921 1164 1979 terram
1194 1921 1452 1979 sanctam
1479 1920 1944 1994 transfretaturo,
1976 1923 2203 1980 certum
2219 1920 2543 1980 terminum
2561 1918 2837 1997 assignet.

657 2044 744 2054 --
774 2010 1032 2083 „Nosti“.
1076 2010 1208 2068 Dat.
1237 2010 1310 2067 ut
1338 2028 1530 2086 supra.
1567 2011 1649 2069 36
1680 2030 1739 2085 p.
1779 2010 1900 2068 113
1933 2010 2040 2095 A4.
2708 2013 2836 2069 76].

333 2117 485 2178 Nov.
514 2118 610 2177 18.
656 2119 743 2177 In
784 2116 1056 2191 majori
1101 2116 1430 2175 ecclesia
1473 2116 1994 2194 Lugdunensi.
2039 2118 2346 2177 Processus
2376 2136 2446 2177 ex
2476 2117 2837 2177 solito-more

658 2206 894 2265 habitus
921 2206 988 2264 in
1017 2205 1109 2264 die
1140 2206 1511 2265 dedicationis
1539 2206 1774 2265 basilice
1821 2207 2100 2283 principis
2130 2208 2539 2283 apostolorum.
2591 2205 2703 2264 Ubi
2731 2222 2839 2263 no-

658 2294 872 2354 tandus
902 2314 1026 2354 mos
1056 2295 1365 2371 apostolice
1396 2296 1546 2354 sedis
1574 2296 1660 2355 ibi
1691 2297 1867 2355 etiam
1895 2295 2163 2370 habetur,
2199 2297 2359 2371 quod
2388 2316 2539 2373 papa
2569 2295 2642 2354 ob
2672 2292 2838 2353 infir-

660 2385 927 2445 mitatem
956 2386 1016 2444 et
1042 2385 1404 2444 incommoda
1431 2385 1663 2445 itineris
1692 2387 1865 2445 misse
1894 2386 2172 2445 interesse
2202 2405 2322 2445 non
2351 2387 2558 2462 potest.
2583 2418 2666 2431 --
2699 2384 2839 2457 „So-

660 2476 745 2533 let
786 2475 1097 2551 apostolica
1138 2474 1351 2535 sedes“.
1410 2475 1626 2534 Actum
1670 2476 1735 2535 in
1782 2476 1991 2553 majori
2033 2476 2269 2535 ecclesia
2310 2475 2707 2554 Lugdunensi.
2761 2473 2837 2532 18

661 2586 719 2643 p.
757 2566 877 2624 107
913 2566 966 2622 A
967 2606 1016 2650 4·
2718 2567 2845 2624 762

391 2717 425 2749 ,,
521 2676 620 2734 20.
666 2673 769 2732 Lu
785 2692 825 2750 g
839 2673 934 2732 du
949 2675 1040 2731 ni.
1087 2672 1304 2732 Abbati
1346 2674 1685 2733 monasterii
1728 2693 1769 2734 s.
1802 2674 2067 2751 Dionysii
2105 2675 2172 2733 in
2199 2675 2452 2734 Francia.
2500 2675 2580 2733 Ut
2607 2673 2847 2750 colligat

665 2763 911 2822 decimas
943 2782 1049 2838 pro
1081 2762 1336 2822 subsidio
1366 2765 1522 2823 terre
1552 2765 1746 2823 sancte
1777 2766 1837 2823 et
1866 2764 2024 2840 quod
2042 2783 2144 2823 rex
2156 2765 2393 2824 Francia
2422 2764 2636 2841 viginti
2667 2762 2843 2839 quin-

665 2871 780 2928 que
823 2853 1008 2911 millia
1049 2871 1377 2911 marcarum
1418 2872 1525 2929 pro
1569 2854 1723 2912 dicto
1768 2855 2004 2931 negotio
2050 2856 2259 2914 mutuo
2289 2854 2546 2914 tradidit.
2579 2887 2668 2897 —
2698 2852 2846 2925 „Per

664 2943 805 3001 alias
834 2943 1114 3002 nostras“.
1158 2942 1288 3001 XII.
1319 2942 1434 3003 kal.
1463 2944 1596 3002 Dec.
1634 2944 1712 3002 21
1748 2964 1806 3022 p.
1845 2944 1966 3003 108
1998 2944 2105 3028 A4.
2718 2946 2846 3003 768

378 3046 442 3132 (,,
537 3049 663 3128 20.)
782 3050 866 3126 (,,)
1015 3050 1078 3108 P.
1116 3048 1378 3121 20,760:
1411 3051 1556 3126 Epp.
1596 3050 1706 3123 14,
1747 3051 1851 3123 15,
1893 3051 1970 3109 16
2003 3071 2060 3127 p.
2099 3050 2219 3111 107
2253 3052 2357 3136 A4.
2403 3050 2551 3110 Aliis
2582 3050 2714 3110 date
2742 3050 2845 3109 lit-

664 3141 789 3199 tere
820 3140 891 3197 de
921 3139 1121 3198 eadem
1150 3139 1574 3199 assicuratione.
2716 3145 2848 3200 ¹764

386 3290 427 3322 ,‚
522 3248 622 3307 23.
802 3291 836 3320 „
1016 3246 1232 3306 Abbati
1262 3248 1597 3307 monasterii
1615 3267 1658 3306 s,
1679 3249 1945 3326 Dionysii
1973 3248 2038 3307 in
2066 3249 2320 3309 Etancia.
2369 3250 2448 3307 Ut
2476 3248 2714 3326 colligat
2743 3248 2845 3307 de-

666 3336 841 3395 cimas
871 3355 976 3412 pro
1008 3336 1264 3395 subsidio
1293 3339 1448 3396 terre
1479 3340 1691 3398 sancte.
1725 3370 1803 3381 —
1840 3339 2022 3410 „Cum
2070 3339 2221 3397 sicut
2264 3357 2370 3416 per
2399 3338 2539 3398 alias
2567 3340 2846 3397 nostras“.

665 3424 762 3485 IX.
794 3425 909 3486 kal.
942 3425 1072 3484 Dec.
1110 3428 1189 3486 20
1224 3446 1282 3502 p.
1321 3427 1442 3487 108
1476 3428 1582 3512 Α4.
2719 3431 2846 3487 765

397 3577 431 3606 ,,
526 3533 626 3592 30.
807 3575 839 3606 ‚,
1017 3533 1238 3612 Regine
1256 3533 1487 3611 Anglie.
1520 3534 1837 3612 Significat,
1873 3537 2092 3610 quanta
2120 3535 2321 3594 fecerit
2337 3554 2443 3611 pro
2462 3534 2851 3595 conservanda

669 3640 809 3699 pace
838 3622 994 3681 inter
1012 3623 1140 3698 ejus
1157 3625 1339 3698 natos,
1368 3642 1570 3701 regem
1586 3624 1802 3702 Anglie
1821 3626 1881 3683 et
1899 3624 2167 3684 comitem
2183 3624 2521 3701 Leycestrie.
2568 3623 2850 3694 Habetur,

671 3712 828 3788 quod
871 3712 1011 3771 alias
1053 3732 1154 3771 rex
1197 3732 1408 3788 papam
1451 3714 1722 3773 convenit
1764 3714 1922 3790 apud
1952 3713 2167 3773 Urbem
2195 3716 2451 3774 veterem
2467 3757 2482 3785 ,
2516 3713 2674 3788 quod
2701 3731 2853 3789 papa

672 3819 878 3879 graves
906 3802 1154 3877 pertulit
1180 3801 1565 3862 infirmitates,
1601 3836 1682 3847 —
1715 3804 2193 3880 „Singularitas“.
2241 3804 2371 3864 Dat.
2401 3805 2473 3863 ut
2502 3821 2694 3880 supra.
2745 3798 2850 3882 (Π.

387 3972 453 4064 (,,
549 3890 951 4064 3⁰²)ka1.(13320.
982 3885 1368 4040 Ρῇἓέἕέιῗηῗο
1381 3892 1584 4040 {gmtiffi
1592 3892 1941 4060 ffisscegffle·
1987 3982 2071 4041 De
2102 3981 2303 4040 eodem
2333 3981 2585 4059 negotio,
2617 3982 2690 4040 ut
2706 3895 2852 4056 {3316-

675 4069 881 4128 denter
911 4088 971 4128 se
1002 4072 1184 4148 gerat.
1214 4103 1304 4113 -
1335 4071 1725 4142 „Carissime“.
1777 4070 1854 4130 77
1891 4092 1948 4148 p.
1987 4072 2107 4130 109
2141 4071 2247 4156 A4.
2720 4073 2848 4129 767

490 4191 575 4204 -
799 4191 888 4200 -
1019 4159 1112 4217 Ad
1141 4179 1366 4235 papam.
1415 4161 1612 4219 Comes
1644 4160 1832 4219 Guido
1865 4160 1934 4219 de
1964 4159 2298 4219 Monteforti
2328 4157 2634 4217 defendere
2666 4176 2726 4216 se
2756 4176 2851 4216 co-

673 4250 853 4308 natur
882 4248 1166 4326 sugillans
1195 4269 1434 4325 papam,
1481 4249 1638 4325 quod
1667 4251 1842 4309 nimis
1871 4267 2142 4326 prospere
2172 4267 2292 4307 non
2322 4250 2550 4307 servato
2571 4246 2727 4323 juris
2757 4265 2852 4305 or-

676 4338 810 4396 dine
839 4337 913 4396 ad
941 4339 1278 4397 instantiam
1307 4339 1463 4416 regis
1492 4339 1708 4416 Anglie
1748 4339 1814 4398 in
1841 4340 2039 4414 ipsum
2068 4338 2513 4398 commoveatur.
2547 4370 2634 4380 ——
2664 4335 2853 4409 „Que-

675 4427 798 4487 rela
827 4428 1068 4504 patn‘s“.
1112 4428 1329 4487 Actum
1357 4430 1422 4487 in
1451 4428 1596 4487 colle
1628 4428 1922 4488 Salbatino
1959 4427 2146 4488 1273.
2185 4429 2265 4486 62
2298 4447 2357 4503 Ρ.
2393 4426 2473 4487 70
2506 4425 2610 4512 ΑΓ
2724 4430 2853 4487 768
