3292 5100
1150 454 1624 503 ALEXANDER
1661 457 1736 503 lv.
1795 457 1944 505 1256.
2757 456 2791 515 7

306 616 491 675 1256.

294 739 569 801 1188123.
614 740 793 800 Late
810 741 993 800 rani.
1042 741 1353 801 Guillelmo
1398 742 1595 802 abbati
1626 742 2005 802 Cluniacensi.
2049 740 2214 813 Quod
2253 760 2373 801 non
2402 742 2638 802 admisit
2666 762 2793 803 mo-

613 830 826 890 nachos
853 831 1051 908 ipsum
1078 832 1144 890 in
1172 831 1378 891 multis
1407 834 1756 892 accusantes.
1787 864 1878 875 —
1907 833 2033 906 „Ne
2063 831 2135 891 de
2164 836 2488 908 processu“.
2522 834 2649 893 VII.
2680 833 2796 892 kal.

614 920 784 979 Mart.
823 919 946 980 156
978 939 1035 997 p.
1073 921 1197 980 150
1228 920 1334 1005 A„
2718 927 2798 984 ⁷⁷

293 1024 571 1084 11131815.
750 1069 786 1100 ,,
963 1027 1181 1088 Abbati
1210 1030 1272 1087 et
1299 1028 1613 1088 conventui
1642 1046 1685 1087 s.
1706 1028 1884 1087 Marie
1915 1028 1986 1087 de
2018 1027 2214 1087 Gloria
2243 1026 2537 1106 Anagnin.
2567 1030 2795 1091 Floren.

614 1115 735 1176 ord.
767 1116 1154 1177 Confirmatur
1182 1117 1266 1177 eis
1306 1117 1457 1176 facta
1500 1117 1733 1178 donatio
1777 1138 1812 1176 a
1842 1117 2159 1178 Gilleberto
2203 1119 2547 1178 marescalco
2576 1118 2792 1197 Anglic

620 1205 689 1264 de
738 1206 990 1281 quodam
1011 1207 1151 1282 jure
1180 1208 1522 1283 patronatus
1551 1225 1704 1266 anno
1736 1207 1956 1266 domini
1993 1207 2179 1267 1239.
2212 1238 2303 1250 —-
2331 1207 2409 1265 id.
2443 1207 2612 1270 Mart.
2644 1226 2796 1268 anno

620 1288 710 1353 20.
750 1295 871 1355 731
906 1315 964 1372 p.
999 1297 1080 1356 99
1113 1298 1180 1357 B.
2714 1303 2795 1357 78

298 1397 442 1475 Apr.
468 1399 562 1459 11.
743 1445 777 1475 ,,
956 1403 1237 1482 Magistro
1279 1406 1340 1463 et
1381 1402 1663 1463 fratribus
1692 1402 2012 1480 Hospitalis
2055 1421 2099 1463 8.
2132 1403 2387 1479 Spiritus
2431 1406 2497 1464 in
2526 1405 2693 1467 Saxia
2723 1405 2794 1464 de

614 1490 785 1550 Urbe.
806 1493 1152 1553 Conceditur
1167 1493 1252 1553 818
1263 1493 1334 1553 111
1346 1511 1524 1554 11811111
1535 1493 1950 1571 languentium
1963 1493 2382 1553 monasterium
2395 1513 2441 1555 s.
2451 1494 2657 1572 Helye,
2676 1494 2795 1554 Ne·
2823 1498 2827 1513 '

613 1580 811 1656 pesine
829 1580 991 1653 dioc„
1021 1600 1158 1642 cum
1176 1583 1298 1642 suis
1314 1582 1700 1658 pertinentiis.
1722 1617 1798 1626 —
1823 1584 2005 1654 „Cum
2023 1582 2225 1641 sicut“.
2246 1584 2356 1644 III.
2384 1583 2464 1644 id.
2492 1585 2636 1660 Apr.
2669 1584 2796 1642 224

615 1689 672 1746 p.
712 1670 833 1730 159
865 1670 970 1755 Αἱ.
1107 1672 1402 1748 Scriptum
1432 1672 1504 1731 de
1533 1691 1600 1732 eo
1629 1673 1695 1731 R.
1728 1691 1774 1733 s.
1804 1671 2021 1750 Angeli
2050 1671 2191 1730 diac.
2224 1673 2518 1733 cardinali.
2715 1677 2796 1734 '79

344 1818 378 1848 ‚‚
475 1776 574 1835 23.
756 1819 789 1850 „
965 1778 1274 1839 Abbatisse
1319 1780 1381 1838 et
1422 1780 1736 1840 conventui
1779 1778 2116 1838 monasterii
2144 1796 2190 1839 8.
2221 1778 2512 1838 Pancratii
2542 1779 2613 1839 de
2644 1780 2798 1839 Urbe

621 1865 851 1927 Cisterc.
860 1868 1248 1928 ord.Donatur
1258 1869 1341 1928 eis
1350 1869 1769 1928 monasterium
1781 1868 2043 1946 s.Angeli
2056 1867 2166 1927 sub
2179 1868 2646 1944 ripaPortuensis
2654 1867 2798 1930 dioc.

615 1972 750 2015 cum
762 1957 884 2016 suis
897 1957 1181 2018 domibus.
1197 1991 1284 2002 -
1299 1958 1482 2032 „Quia
1499 1958 1761 2019 mundi“.
1774 1956 1872 2017 IX.
1888 1958 2003 2017 kal.
2017 1957 2178 2034 Maji.
2197 1958 2323 2018 236
2339 1978 2397 2034 p.
2419 1958 2450 2018 1
2460 1958 2541 2017 60
2556 1957 2633 2044 A¹
2650 2004 2665 2019 .
2710 1962 2795 2019 81

339 2103 372 2131 ,,
469 2061 569 2120 26.
749 2105 783 2136 ,,
963 2065 1408 2142 Archiepiscopo
1425 2065 1766 2132 Turonensi.
1797 2064 2111 2124 Confirmat
2139 2064 2565 2124 absolutionem
2592 2064 2667 2125 ab
2698 2084 2796 2125 ex-

614 2154 1235 2214 communicationibus
1264 2155 1475 2213 factam
1504 2155 1703 2214 comiti
1719 2154 2021 2213 Britannia
2039 2172 2145 2231 per
2162 2154 2444 2230 quosdam
2462 2154 2796 2214 cardinales,

616 2273 698 2285 —
731 2242 914 2316 „Cum
944 2243 1083 2304 dil.“
1111 2245 1211 2305 VI.
1241 2245 1357 2304 kal.
1392 2244 1550 2320 Maji.
1585 2245 1711 2303 265
1744 2264 1799 2320 p.
1837 2243 1961 2303 165
1993 2244 2099 2328 As
2568 2270 2572 2274 ·
2706 2247 2816 2304 80-

286 2347 407 2422 Maj
412 2347 432 2405 i
521 2348 577 2408 5.
754 2392 788 2423 „
966 2351 1185 2411 Abbati
1227 2354 1289 2411 et
1331 2351 1644 2412 conventui
1686 2350 2023 2411 monasterii
2066 2369 2108 2409 s.
2149 2350 2388 2410 Martini
2417 2350 2796 2410 viterbiensis

615 2438 844 2498 Cisterc.
865 2439 986 2498 ord.
1021 2440 1407 2501 confirmatur
1437 2440 1670 2500 donatio
1701 2441 1785 2499 eis
1814 2441 1964 2499 facta
1992 2458 2144 2500 anno
2179 2435 2256 2500 30
2271 2439 2517 2499 Honorii
2546 2459 2695 2516 pape
2725 2440 2796 2499 de

612 2527 922 2589 medietate
966 2530 1200 2591 ecclesie
1246 2530 1317 2591 de
1346 2530 1602 2591 Holcam.
1634 2530 1904 2591 Habetur
1930 2532 2100 2590 tenor
2127 2530 2398 2590 insertus·
2431 2562 2521 2574 -
2551 2530 2729 2604 „Oum
2763 2550 2798 2589 a

607 2618 828 2678 nobis“.
859 2620 968 2681 HI.
997 2639 1131 2680 non.
1163 2621 1320 2698 Maji.
1354 2621 1478 2680 487
1514 2640 1572 2697 p.
1603 2620 1730 2680 210
1761 2620 1832 2705 Α1
1853 2664 1866 2679 .
2712 2625 2796 2682 82

285 2724 331 2783 J
330 2742 436 2784 1111.
475 2724 505 2782 1
520 2725 573 2784 1.
618 2725 672 2784 A
686 2743 729 2784 n
742 2745 777 2783 a
796 2727 988 2803 gnie.
1033 2727 1477 2804 Archiepiscopo
1517 2728 1844 2787 Bisuntino.
1876 2727 1956 2786 Ut
1983 2727 2266 2804 inquisita
2294 2726 2540 2787 veritate
2569 2744 2793 2787 excom-

613 2814 874 2875 municet
901 2816 1361 2890 universitatem,
1392 2818 1660 2877 consules
1694 2819 1801 2878 etc.
1831 2815 2289 2895 Argenffinenses
2323 2816 2584 2876 libertati
2613 2816 2792 2878 eccle-

618 2904 843 2964 siastice
887 2924 948 2967 se
995 2909 1368 2983 opponentes·
1415 2939 1506 2950 —
1549 2907 1765 2980 „Ven.“
1824 2908 1932 2966 III.
1978 2906 2054 2965 id.
2086 2908 2225 2966 Jun.
2263 2906 2388 2966 303
2436 2924 2492 2982 p.
2533 2905 2655 2965 176
2688 2904 2793 2989 A1·

612 2993 906 3070 Scriptum
936 2995 1043 3055 deo
1073 3014 1141 3055 eo
1170 2996 1298 3072 ipso
1328 2996 1585 3072 capitulo
1614 2995 2034 3075 Argentinensi
2064 2997 2124 3054 et
2152 2995 2297 3055 31118.
2710 3000 2795 3055 88

283 3100 325 3158 J
325 3099 413 3158 ul.
457 3100 559 3160 26.
739 3145 771 3173 ,,
950 3102 1044 3161 Ad
1091 3105 1436 3179 perpetuam
1477 3104 1564 3163 rei
1611 3104 1966 3163 memoriam.
2017 3102 2316 3161 Sententia
2360 3101 2595 3162 divortii
2638 3102 2795 3161 inter

608 3190 958 3250 comitissam
985 3191 1226 3252 Bolonie
1256 3193 1318 3252 et
1344 3193 1414 3252 A.
1445 3194 1808 3271 Portugallie
1837 3211 2040 3270 regem
2057 3235 2072 3262 ‚
2105 3192 2244 3268 quia
2272 3191 2399 3267 ipse
2427 3209 2529 3250 rex
2561 3190 2794 3251 vivente

611 3279 765 3338 dicta
793 3280 1098 3355 comitissa,
1129 3300 1309 3341 uxore
1338 3282 1469 3358 ejus
1483 3327 1498 3354 ‚
1546 3284 1912 3342 contraxerat
1954 3300 2090 3340 cum
2118 3281 2277 3359 regis
2309 3281 2552 3340 Castelle
2582 3279 2704 3339 filia
2734 3283 2795 3355 et

607 3369 760 3428 bona
802 3369 954 3429 dotis
996 3371 1206 3448 regine
1236 3371 1311 3430 M.
1357 3372 1592 3432 restitui
1627 3372 1795 3447 jussa
1836 3372 2051 3431 citatus
2091 3390 2192 3430 rex
2221 3387 2342 3429 non
2372 3371 2788 3446 comparuerat.

610 3490 693 3501 -—
727 3458 1150 3530 ‚‚Presidente“.
1184 3460 1311 3522 VH.
1342 3461 1458 3520 kal.
1491 3460 1650 3539 Aug.
1685 3461 1809 3522 357
1845 3481 1901 3537 p.
1942 3459 2062 3519 187
2097 3460 2202 3544 ΑῚ.
2706 3464 2793 3519 84

284 3565 444 3643 Aug.
508 3565 566 3627 4.
747 3609 780 3639 „
962 3566 1180 3626 Abbati
1209 3567 1271 3626 et
1298 3568 1610 3628 conventui
1634 3586 1682 3626 8
1714 3566 2043 3626 Eadmundi
2072 3566 2130 3625 N
2130 3584 2439 3627 orvicens13
2470 3565 2610 3626 dioc.
2645 3566 2791 3626 Con-

609 3655 919 3714 firmantur
948 3674 1151 3715 eorum
1181 3658 1417 3730 statuta,
1451 3675 1565 3733 que
1582 3657 1803 3716 inserta
1820 3657 2126 3716 habentur.
2148 3689 2238 3699 —
2268 3656 2464 3731 „Solet
2481 3660 2790 3716 annuere‘fi

460 3771 465 3776 ’
611 3744 688 3804 ΙΙ.
718 3762 854 3804 11811.
884 3744 1039 3823 Aug.
1076 3747 1201 3805 383
1237 3765 1295 3822 p.
1334 3747 1456 3805 198
1489 3746 1593 3830 A1·
2708 3748 2791 3805 85

317 3832 378 3906 (‚‚
520 3834 604 3910 4.)
726 3833 767 3907 (‚
770 3837 812 3911 ,)
960 3834 1209 3895 Eisdem.
1255 3835 1599 3895 Conceditur
1639 3835 2011 3956 indulgentia
2056 3836 2122 3893 in
2165 3835 2312 3894 festo
2357 3853 2401 3895 8.
2444 3834 2790 3894 Eadmundi.

331 4052 367 4083 ‚‚
462 4012 498 4069 3
511 4010 562 4070 1.
743 4053 777 4083 ,‚
953 4013 1317 4085 Pati-iambis,
1339 4014 1799 4090 archiepiscopiS,
1816 4013 2114 4090 episcopis,
2133 4013 2460 4084 abbatibus,
2480 4011 2789 4089 prioribus,

605 4101 902 4161 nobilibus
919 4102 1076 4174 viris,
1096 4102 1542 4174 marchionibus,
1562 4103 1890 4163 comitibus,
1909 4103 2022 4163 Pro
2040 4103 2337 4173 fidelitate,
2370 4121 2548 4178 quam
2577 4102 2787 4162 habuit

604 4190 856 4249 Romane
875 4191 1107 4252 ecclesie
1124 4192 1433 4269 Philippus
1453 4193 1524 4252 de
1555 4195 1752 4252 sancta
1780 4211 1965 4264 cruce,
1998 4191 2414 4252 confirmantur
2444 4192 2782 4252 donationes

606 4280 660 4338 ei
692 4280 839 4339 facte
867 4300 901 4338 a
921 4280 1208 4352 Eriderico
1240 4282 1534 4358 quondam
1562 4284 1912 4359 imperatore
1942 4282 2013 4342 de
2041 4283 2199 4341 terra
2230 4281 2443 4352 Baroli,
2472 4282 2787 4358 Monopoli.

611 4401 635 4413 -
664 4369 993 4441 „Noverit“.
1018 4371 1285 4448 Anagnia
1294 4373 1368 4431 H.
1381 4371 1494 4430 kal.
1508 4372 1666 4448 Sept.
1692 4391 1739 4430 a.
1756 4373 1792 4431 3
1805 4368 1845 4430 ⁰.
1878 4369 2227 4445 (Alexander
2240 4389 2390 4447 papa
2402 4374 2789 4432 commoratus

608 4458 1075 4523 esthocdieanni
1093 4461 1256 4523 1257
1274 4461 1534 4536 viterbii,
1556 4462 1723 4524 1256
1737 4464 1798 4525 ct
1814 4460 2497 4541 1259Anagnie)410p.
2517 4460 2670 4521 1413.
2706 4466 2789 4524 87
