3292 5100
436 407 529 476 VI

427 586 562 652 sint
605 584 958 663 tractaturi,
1002 585 1116 650 fiat
1159 584 1354 668 copia,
1402 584 1483 650 ad
1527 584 1737 649 bullas
1779 583 2070 671 singulas
2107 583 2321 649 addidi
2345 585 2655 651 volumen
2698 607 2926 650 nume-

425 731 695 794 rumque
739 708 1154 774 bullariorum
1183 707 1254 773 in
1286 708 1729 774 secretioribus
1762 709 2033 775 archivis
2065 710 2396 777 Vaticanis
2428 710 2922 800 adservatorum.

429 834 610 901 Addo
658 855 786 913 eos,
834 834 945 919 qui
989 833 1089 899 his
1133 835 1431 918 presunt,
1477 833 1847 914 dummodo,
1909 856 2035 920 quo
2094 836 2233 900 loco
2294 858 2543 920 queque
2600 837 2775 902 bulla
2843 836 2928 901 sit

427 959 680 1044 scripta,
727 960 1013 1024 accurate
1058 981 1201 1023 cum
1245 959 1400 1043 ipsis
1445 959 1962 1039 communicetur,
2008 960 2187 1025 illam
2233 963 2536 1047 prompta
2581 984 2725 1026 cum
2776 982 2928 1027 cura

428 1105 566 1150 esse
611 1084 1153 1170 transscripturos.
1215 1086 1362 1170 Ipse
1409 1085 1528 1150 hoc
1571 1086 1710 1150 loco
1756 1089 1943 1172 grato
1991 1087 2227 1172 pioque
2276 1087 2492 1153 animo
2537 1087 2744 1152 facere
2790 1107 2923 1151 non

426 1231 705 1295 possum,
756 1209 912 1294 quin
959 1211 1279 1295 profitear,
1327 1213 1640 1295 quantum
1687 1211 1813 1276 illis
1857 1211 1977 1276 hoc
2020 1213 2091 1277 in
2135 1212 2298 1276 libro
2344 1211 2592 1277 edendo
2638 1211 2922 1277 debeam.

604 1333 827 1400 Altera
871 1336 942 1400 in
988 1338 1172 1421 parte
1229 1336 1501 1401 edentur
1553 1335 1752 1415 „Acta
1796 1337 2145 1405 Vaticana⁸
2201 1337 2476 1422 aliquot,
2525 1358 2650 1421 que
2697 1336 2778 1400 ad
2822 1356 2924 1401 res

425 1462 675 1526 nostras
702 1460 965 1526 maximi
991 1461 1301 1526 momenti
1328 1464 1496 1527 sunt.
1527 1462 1661 1526 Hec
1689 1483 1940 1547 quoque
1958 1462 2246 1548 benigne
2265 1461 2740 1547 liberaliterque
2765 1461 2928 1526 mihi

423 1584 984 1650 commodaverunt
1014 1586 1350 1652 archiviste
1380 1586 1476 1650 illi
1508 1586 1732 1653 eidem.
1798 1586 1980 1669 Quod
2011 1608 2104 1667 ea,
2137 1609 2280 1652 cum
2310 1587 2488 1672 prius
2521 1589 2691 1653 esset
2720 1586 2917 1671 profi-

424 1711 803 1791 ciscendum,
851 1733 994 1776 cum
1042 1711 1391 1796 archetypo
1422 1712 1562 1797 ipso
1593 1714 1885 1778 conferre
1916 1713 2077 1778 mihi
2108 1734 2241 1777 non
2280 1712 2473 1792 licuit,
2506 1711 2922 1777 vehementer

423 1835 623 1901 doleo,
682 1837 889 1901 Erunt
933 1858 1105 1916 sane,
1140 1837 1267 1921 qui,
1315 1858 1460 1902 cum
1507 1837 1598 1901 eis
1646 1837 1882 1903 diutius
1935 1840 2010 1902 ut
2062 1837 2261 1903 Rome
2308 1838 2661 1915 versentur,
2709 1835 2916 1901 conti-

424 1961 609 2048 gerit,
655 1961 843 2046 plura
888 1962 1021 2026 sint
1064 1962 1433 2048 congesturi
1478 1964 1671 2047 atque
1718 1984 1752 2027 e
1800 1961 2114 2029 codicibus
2159 1962 2395 2026 Italicis
2441 1963 2699 2047 regesta
2741 1982 2779 2026 a
2820 1982 2923 2026 me

422 2086 574 2152 data
621 2087 882 2153 aucturi.
958 2087 1158 2172 Atqui
1204 2109 1326 2174 ego
1371 2087 1437 2152 id
1483 2088 1802 2172 spectavi,
1851 2089 1923 2153 ut
1966 2090 2032 2153 et
2077 2109 2199 2166 eOS,
2248 2087 2478 2171 quibus
2536 2087 2607 2151 in
2655 2085 2911 2154 Vatica-

421 2232 649 2276 norum
695 2211 1093 2277 archivorum
1139 2211 1404 2296 adytum
1449 2216 1795 2298 penetrare
1842 2234 1975 2283 non
2019 2212 2225 2292 liceat,
2275 2211 2570 2277 edoceam
2617 2209 2694 2276 de
2740 2209 2912 2276 codi-

419 2334 595 2400 cibus
642 2337 1035 2421 quibusdam,
1082 2336 1163 2402 ad
1209 2359 1366 2422 quos
1412 2337 1658 2403 facilior
1702 2339 1887 2422 patet
1931 2337 2157 2416 aditus,
2204 2339 2270 2401 et
2297 2339 2372 2401 ut
2408 2308 2783 2401 facultatem
2827 2335 2920 2401 eis

420 2462 724 2546 prebeam
770 2462 891 2527 sibi
934 2462 1251 2529 bullarum
1299 2463 1773 2541 Vaticanarum,
1820 2483 1976 2548 quas
2022 2461 2281 2548 quidem
2326 2482 2586 2527 noscere
2631 2460 2918 2546 ipsorum

419 2587 688 2667 intersit,
737 2589 1029 2673 exempla
1072 2589 1504 2673 comparandi.
1565 2589 1727 2654 Mihi
1772 2611 1915 2654 cum
1976 2588 2090 2653 illa
2148 2608 2266 2673 per
2323 2589 2580 2672 tempus
2646 2590 2922 2675 anguste

421 2712 961 2798 circumscriptum
1008 2716 1226 2779 essent
1269 2712 1646 2800 colligenda,
1695 2736 1837 2779 cum
1883 2713 2131 2780 libellus
2180 2712 2320 2798 ipse
2366 2712 2526 2777 mihi
2571 2711 2773 2778 Roma
2817 2734 2921 2778 re-

421 2859 604 2903 verso
652 2841 718 2902 et
762 2838 843 2903 ab
890 2837 1014 2903 alio
1059 2839 1130 2903 in
1178 2839 1376 2904 alium
1419 2841 1627 2905 locum
1676 2838 1757 2904 ad
1803 2838 2270 2925 perscrutanda
2314 2839 2571 2905 archiva
2628 2837 2921 2925 peregri-

421 2965 610 3031 nanti
654 2966 820 3029 esset
863 2963 1385 3044 conscribendus,
1432 2967 1586 3049 peto
1633 2987 1673 3030 a
1717 2966 1808 3044 te,
1855 2964 2053 3030 lector
2097 2964 2438 3044 benevole,
2485 2965 2558 3031 ut
2602 2963 2920 3048 plagellas

422 3091 539 3156 has
586 3089 869 3177 benigne
918 3088 1212 3174 excipias.

597 3214 1020 3301 Regestorum
1055 3214 1509 3282 Vaticanorum
1558 3213 1910 3293 volumina,
1968 3234 2091 3298 que
2138 3214 2219 3280 ab
2263 3212 2579 3280 Rainaldo
2626 3210 2917 3278 adhibita

418 3341 557 3426 ipse
602 3340 674 3405 in
728 3335 1091 3419 ,Analectis
1138 3338 1498 3406 Vaticanis“
1552 3339 1877 3424 usurpavi,
1922 3339 2041 3404 hec
2097 3341 2247 3404 sunt
2280 3338 2350 3424 ¹).

1166 3534 1209 3608 1.
1251 3532 1654 3608 Alexander
1696 3532 1777 3608 lv,
1820 3531 2178 3609 1254-1261.

588 3710 657 3798 ‘1.
702 3732 987 3819 Registri
1044 3735 1253 3797 tomus
1315 3731 1381 3810 I.,
1442 3753 1652 3797 annus
1705 3731 1773 3810 I.,
1834 3731 1943 3816 qui
2001 3730 2232 3816 incipit
2292 3730 2372 3796 ab
2434 3751 2605 3798 anno
2672 3728 2914 3797 domini

428 3858 618 3925 1254.
662 3856 795 3945 (A.)

603 4162 643 4233 ¹)
677 4160 760 4217 De
794 4158 1047 4232 Regestis
1083 4159 1371 4216 Vaticanis
1395 4159 1462 4216 cf.
1489 4159 1553 4216 G.
1577 4159 1645 4215 Η.
1672 4158 1852 4223 Pertz‚
1876 4158 2084 4215 Archiv
2109 4159 2209 4216 der
2232 4157 2597 4217 Gesellschaft
2631 4158 2722 4215 ffir
2745 4158 2920 4216 altere

418 4267 682 4325 deutsche
708 4267 1242 4330 Geschichtskunde,
1266 4266 1332 4321 V.
1360 4274 1475 4322 350.
1510 4298 1567 4309 —
1596 4266 1887 4337 Palacky's
1908 4265 2260 4325 italienische
2283 4266 2445 4325 Reise
2469 4266 2551 4323 im
2572 4266 2744 4323 Jahre
2767 4273 2921 4331 1837.

422 4381 645 4431 35—48.
694 4407 750 4417 —-
790 4376 851 4429 Β.
889 4374 1095 4442 Dudik,
1133 4375 1244 4431 Iter
1279 4373 1596 4431 Romanum
1639 4382 1792 4432 1855.
1828 4374 1868 4429 1.
1912 4380 1974 4429 18
2014 4391 2156 4445 sqq..
2195 4382 2279 4429 45.
