3292 5100
535 495 616 553 54
1426 491 1842 540 snncossms
1880 491 1942 542 X.
1988 492 2118 540 1272

846 780 943 840 cui
989 779 1167 838 etiam
1195 798 1346 856 papa
1374 796 1592 838 munus
1621 777 2066 838 consecrationis
2095 777 2397 853 impendit.
2437 807 2511 819 --
2551 770 2936 850 „Debitu1n“.'
2955 778 3040 836 H.

590 907 610 924 .
846 869 925 929 id.
956 868 1115 944 Maji.
1152 869 1231 928 21
1267 888 1322 945 p.
1359 869 1396 927 9
1429 867 1500 928 A.
2901 872 3045 926 680

528 975 733 1053 (Majil
746 977 828 1054 5.)
859 975 905 1034 L
918 978 993 1034 at
1006 994 1038 1034 e
1051 995 1084 1034 r
1099 976 1237 1036 ani.
1267 975 1630 1045 Paniarchis,
1651 974 2108 1049 archiepiscopis,
2130 972 2439 1032 abbatibus
2467 974 2572 1031 etc.
2595 974 2659 1032 in
2676 973 3044 1033 Lombardia.

856 1066 935 1124 Ut
981 1064 1232 1124 eundem
1279 1065 1544 1142 legatum
1591 1064 1890 1139 recipiant.
1939 1096 2028 1105 —
2077 1062 2277 1135 „Inter
2319 1062 2570 1122 omnia.“
2630 1062 2806 1122 Sine
2854 1065 3045 1122 nota

852 1154 1189 1213 chronol.
1225 1155 1308 1213 34
1340 1173 1395 1229 p.
1435 1153 1512 1212 12
1546 1153 1614 1211 A.
1648 1152 1717 1211 cf.
1749 1153 1813 1212 P.
1851 1151 2103 1224 20,554.
2901 1157 3039 1214 681

574 1302 608 1332 ,,
707 1260 804 1319 18.
985 1303 1018 1332 ,,
1198 1260 1477 1337 Magistro
1507 1259 1546 1318 J
1548 1258 1780 1318 ohanni.
1825 1258 2094 1318 Habetur
2122 1276 2191 1315 ex
2231 1276 2299 1316 ea
2317 1300 2330 1327 ,
2378 1257 2534 1333 quod
2578 1258 3044 1335 archiepiscopus

855 1350 1163 1425 Capuanus
1193 1349 1387 1408 fuerat
1416 1351 1780 1408 consecratus
1823 1366 1931 1423 per
1973 1365 2180 1405 manus
2211 1365 2360 1422 pape
2392 1347 2701 1407 Clementis
2733 1347 3043 1424 predeces-

848 1439 1008 1498 soris
1043 1473 1126 1483 —
1160 1439 1280 1509 „Ex
1310 1440 1567 1497 tenore“.
1597 1438 1719 1498 XV.
1751 1437 1863 1495 kal.
1896 1438 2037 1496 Jun.
2076 1436 2153 1495 19
2187 1456 2245 1512 p.
2282 1436 2317 1494 8
2352 1436 2422 1495 A.
2734 1456 2740 1464 ·
2904 1443 3043 1497 682

579 1587 614 1617 „
707 1545 810 1604 31.
988 1589 1022 1618 „
1199 1545 1448 1604 Hem-ico
1479 1544 1868 1603 Londoniensi
1897 1543 2177 1619 episcopo.
2225 1542 2573 1602 Absolvitur
2601 1543 2674 1602 ab
2705 1561 3042 1602 excommu-

852 1633 1157 1705 nicatione,
1190 1653 1368 1709 quam
1397 1635 1738 1704 incurrerat,
1771 1651 1838 1692 eo
1855 1676 1868 1703 ,
1906 1632 2063 1708 quod
2092 1634 2355 1708 tempore
2384 1631 2791 1691 turbationum
2819 1632 3044 1711 Anglic

847 1742 968 1783 non
995 1724 1395 1800 publicaverat
1424 1722 2039 1782 excommunicationes
2069 1721 2216 1780 latas
2243 1722 2307 1779 in
2335 1720 2598 1794 barones,
2628 1722 2801 1799 regni
2828 1721 3041 1781 turba-

848 1813 1021 1883 tores,
1055 1813 1155 1872 scd
1185 1813 1268 1871 eis
1298 1813 1497 1888 potius
1527 1812 1830 1870 adheserat
1849 1813 1909 1870 et
1928 1810 2318 1870 celebraverat
2347 1811 2680 1886 contempto
2710 1810 3043 1870 interdicto.

852 1934 932 1947 —
967 1902 1167 1974 „Sicut
1195 1902 1643 1975 intelleximus“.
1675 1901 1752 1960 H.
1784 1900 1897 1960 kal.
1928 1901 2070 1959 Jun.
2106 1900 2189 1958 24
2219 1918 2275 1975 p.
2317 1900 2394 1958 10
2427 1900 2497 1959 A.
2908 1906 3044 1971 683

529 2026 673 2086 Jun.
753 2027 811 2086 2.
855 2027 944 2085 In
980 2026 1317 2085 basilica
1355 2044 1397 2084 S.
1429 2025 1658 2084 Petri.
1705 2025 2013 2084 Processus
2055 2023 2291 2083 habitus
2334 2024 2535 2083 contra
2576 2025 2731 2083 cives
2760 2023 3046 2083 Senenses

850 2115 915 2174 in
963 2115 1055 2174 die
1098 2115 1445 2174 ascensionis
1489 2114 1724 2173 domini.
1759 2148 1842 2158 --
1885 2113 2067 2187 „Quia
2109 2112 2387 2172 dudum“.
2437 2113 2653 2172 Actum
2695 2113 2760 2172 in
2802 2113 3044 2172 basilica

849 2222 893 2262 s.
925 2205 1101 2264 Petri.
1138 2206 1218 2263 25
1251 2224 1308 2280 p.
1350 2205 1428 2262 55
1462 2202 1568 2288 Αἰ.
2907 2208 3044 2263 684

576 2352 610 2382 ,,
698 2322 699 2327 ’
750 2313 809 2371 2.
988 2354 1024 2384 ,,
1202 2311 1508 2370 Processus
1582 2308 1819 2368 habitus
1893 2308 2094 2367 eodem
2170 2308 2262 2367 die
2343 2309 2545 2368 contra
2618 2308 2872 2368 Pisanos
2955 2309 3039 2368 26

849 2419 905 2475 p.
945 2401 1024 2457 55
1058 2400 1133 2484 A¹
1149 2442 1162 2456 .
1799 2414 1808 2419 ·
2906 2404 3040 2460 685

753 2507 808 2567 2.
991 2549 1024 2578 ,,
1204 2506 1512 2566 Processus
1542 2505 1744 2565 contra
1773 2505 2133 2592 Veronenses
2147 2549 2162 2578 ,
2207 2504 2267 2563 L.
2301 2504 2508 2565 ducem
2536 2505 2779 2565 Bavarie
2810 2507 2916 2566 etc.
2954 2505 3035 2566 27

852 2616 909 2672 p.
951 2598 1029 2655 55
1061 2597 1168 2681 A1.
2904 2602 3038 2657 ccc

752 2707 811 2764 2.
989 2746 1023 2774 ,,
1201 2703 1507 2762 Processus
1594 2702 1795 2760 contra
1879 2702 2174 2761 invasores
2248 2700 2525 2762 Silvensis
2601 2702 2871 2778 episcopi.
2954 2703 3036 2762 28

855 2812 914 2868 Ρ.
950 2793 1029 2850 55
1061 2792 1137 2876 A1
1155 2837 1169 2852 .
2905 2797 3037 2852 687

752 2899 808 2958 6.
853 2898 1068 2958 Rome
1111 2897 1308 2974 apud
1352 2915 1393 2957 s.
1438 2898 1770 2957 Petrum.
1824 2899 1887 2956 P.
1934 2897 2005 2956 de
2049 2898 2380 2957 Tarantasio
2427 2897 2546 2955 ord.
2588 2896 2806 2956 Predic.
2855 2899 3038 2958 electo

851 2987 1245 3065 Lugdunensi.
1279 2986 1669 3045 Constituitur
1683 2986 2093 3063 Lugdunensis
2112 2986 2590 3062 archiepiscopUS,
2610 2987 2784 3063 cnjus
2802 2988 3039 3047 ecclesie

853 3077 995 3136 olim
1036 3077 1161 3153 ipse
1205 3094 1356 3152 papa
1397 3076 1703 3151 spirituale
1733 3075 2063 3135 membrum
2093 3075 2302 3134 extitit.
2336 3110 2425 3118 -
2454 3075 2649 3147 „Licet
2678 3075 2752 3134 ad
2781 3081 3035 3137 curam“.

854 3166 1015 3227 VIII.
1049 3166 1126 3224 id.
1159 3167 1301 3224 Jun.
1335 3165 1416 3223 36
1449 3185 1506 3241 p.
1545 3165 1623 3222 12
1656 3164 1729 3226 A.
1860 3166 1935 3223 In
1964 3183 2013 3223 e.
2046 3184 2124 3225 m.
2157 3165 2554 3243 suffraganei&
2906 3171 3037 3227 688

756 3273 812 3332 8.
963 3271 1049 3350 (η)
1197 3271 1344 3348 Regi
1375 3271 1581 3331 Sicilie.
1621 3270 1934 3330 Confirmat
1963 3288 2203 3330 censum
2237 3272 2273 3329 8
2307 3272 2539 3330 milium
2569 3271 2880 3331 unciarum
2909 3275 3039 3331 auri

854 3363 919 3420 in
945 3360 1093 3420 festo
1121 3361 1217 3420 bb.
1251 3362 1645 3436 apostolorum
1676 3360 1836 3419 Petri
1865 3364 1925 3420 ct
1946 3360 2117 3419 Pauli
2146 3378 2298 3419 anno
2326 3360 2356 3417 1
2369 3360 2493 3418 272
2515 3360 2886 3437 integraliter
2914 3380 3037 3420 esse

854 3451 1235 3526 persolutum.
1268 3483 1356 3491 ——
1386 3450 1508 3521 „De
1554 3468 1732 3508 censu
1770 3451 1897 3508 octo
1930 3449 2214 3509 milium“.
2246 3449 2343 3509 VI.
2375 3449 2453 3509 id.
2485 3449 2623 3508 Jun.
2658 3452 2818 3526 pont.
2850 3452 3037 3510 nostri

856 3558 1009 3598 anno
1046 3535 1136 3599 1⁰.
1168 3540 1223 3597 C.
1260 3540 1340 3597 49
1375 3538 1472 3597 fol.
1510 3532 1642 3598 30¹1.
2903 3546 3036 3601 689

538 3646 699 3720 (ante
731 3647 915 3723 Sept.)
1009 3678 1093 3689 --
1182 3645 1512 3704 Patriarche
1544 3646 1584 3703 J
1584 3644 2046 3722 erosolymitanO.
2094 3644 2407 3722 Significat,
2458 3645 2616 3720 quod
2647 3645 2935 3706 Oliverius
2966 3648 3037 3706 de

854 3735 1157 3806 TermuIiS,
1190 3735 1356 3793 miles
1374 3736 1470 3811 pie
1494 3734 1817 3793 devotionis
1846 3734 2240 3792 inflammatus
2269 3734 2493 3807 affectu,
2524 3753 2630 3810 per
2659 3735 2946 3794 nuncium
2975 3739 3035 3796 et

854 3824 1067 3883 litteris
1092 3824 1309 3900 optulit
1339 3823 1397 3882 sc
1428 3825 1700 3900 paratum
1729 3842 1863 3883 cum
1893 3823 2118 3882 decenti
2148 3823 2417 3884 comitiva
2444 3824 2704 3882 militum
2734 3842 2839 3884 seu
2868 3826 3033 3901 pedi-

852 3916 985 3973 tum
1011 3912 1078 3972 in
1105 3917 1259 3973 terre
1289 3914 1482 3972 sancte
1513 3911 1839 3972 subsidium
1873 3913 2118 3971 instanti
2155 3912 2492 3988 Septembre
2528 3914 2793 3991 passagio
2841 3916 3034 3976 trans-

855 4004 1066 4062 fretare
1085 4048 1099 4076 ‚
1153 4004 1440 4078 disquirat
1485 4002 1723 4062 consilio
1770 4003 1928 4079 regis
1977 4002 2166 4061 Sicilie
2215 4001 2457 4078 adjutus
2475 4044 2489 4072 ,
2542 4005 2689 4077 quot
2737 4005 3035 4081 regulares

856 4096 917 4152 et
959 4093 1150 4152 idonei
1199 4093 1318 4151 sint
1362 4092 1687 4151 bellatores
1736 4125 1822 4134 —
1868 4135 1900 4164 ,‚
1915 4091 2177 4150 Dilectus
2224 4091 2381 4151 filius
2429 4091 2717 4151 Oliverius
2733 4097 2781 4150 “.
2846 4094 2901 4151 C.
2951 4096 3031 4154 49

856 4181 954 4241 fol.
991 4183 1071 4241 88
2905 4189 3035 4245 690

539 4308 693 4384 Sept.
751 4308 808 4366 9.
854 4304 1070 4382 Apud
1102 4305 1370 4365 Urbem
1408 4307 1761 4365 veterem.
1808 4305 2061 4364 Johanni
2091 4304 2418 4382 patriarche
2450 4304 2744 4365 Gradensi.
2794 4307 3042 4396 creatur!

858 4395 1163 4454 Gradensis
1192 4394 1517 4470 patriarcha
1532 4439 1546 4466 ‚
1578 4394 1837 4469 palleum
1866 4396 1921 4454 ci
1949 4394 2387 4454 transmittitur.
2438 4426 2527 4437 —
2576 4395 2685 4466 „In
2734 4395 3030 4472 dispensa-

854 4484 1064 4542 tione“.
1113 4485 1177 4544 V.
1209 4484 1286 4543 id.
1319 4484 1472 4558 Sept.
1509 4484 1589 4541 65
1622 4502 1678 4559 p.
1718 4484 1794 4541 21
1830 4485 1898 4541 A.
1989 4485 2061 4542 In
2090 4502 2137 4542 e.
2171 4503 2246 4542 m.
2281 4483 2538 4560 capitulo
2572 4483 2865 4545 Gradensi.
2899 4492 3025 4548 691
