3292 5100
444 450 569 514 174

440 610 735 696 gratiam,
780 629 899 695 per
942 630 1137 695 quam
1182 608 1584 694 spiritualem
1629 609 1911 675 leticiam
1956 611 2074 676 deo
2123 610 2407 697 propicio
2470 612 2776 697 consequi
2821 634 2945 676 va-

435 700 625 764 leatis
641 748 655 777 ,
715 699 945 765 vestris
992 700 1239 764 devotis
1298 700 1872 785 supplicationibus
1930 700 2256 780 inclinati,
2319 701 2695 766 auctoritate
2755 700 2945 766 vobis

435 788 837 872 presentium
879 788 1308 874 indulgemus,
1357 788 1542 874 quod,
1589 811 1733 853 cum
1765 789 1847 854 ad
1877 790 2185 869 civitates,
2217 793 2430 855 castra
2460 792 2528 854 et
2569 790 2707 855 loca
2739 791 2943 855 eccle-

438 878 694 943 siastico
741 878 1076 963 supposita
1136 877 1476 943 interdicto
1534 899 1649 943 vos
1708 878 2029 944 declinare
2074 879 2445 965 contigerit,
2505 880 2697 945 liceat
2738 879 2940 957 vobis,

369 993 375 1000 ·
438 968 997 1032 excommunicatis
1045 970 1110 1032 et
1152 967 1511 1032 interdictis
1557 968 1828 1033 exclusis
1843 1016 1858 1046 ,
1895 968 2117 1052 januis
2162 969 2425 1047 clausis,
2473 989 2614 1033 non
2660 969 2934 1053 pulsatis

435 1057 766 1140 campanis
783 1106 797 1135 ,
859 1059 926 1121 et
985 1077 1136 1122 voce
1197 1056 1515 1121 submissa
1590 1078 1708 1141 per
1766 1057 2059 1142 proprios
2107 1060 2174 1122 et
2217 1058 2504 1141 ydoneos
2562 1058 2938 1142 capellanos

435 1146 616 1211 vobis
648 1148 716 1210 et
750 1146 994 1210 familie
1039 1148 1250 1211 vestre
1296 1146 1507 1211 officia
1541 1147 1753 1210 facere
1782 1146 2093 1211 celebrari
2123 1149 2188 1211 et
2218 1145 2436 1211 audire
2467 1147 2689 1212 divina
2702 1196 2717 1226 ,
2750 1147 2940 1212 dum·-

437 1235 628 1300 modo
673 1256 787 1300 vos
833 1238 902 1299 et
963 1235 1282 1319 capellani
1327 1238 1395 1299 et
1437 1233 1789 1301 familiares
1848 1235 2119 1338 predicti
2174 1257 2433 1302 causam
2491 1257 2626 1301 non
2671 1236 2940 1301 dedistis

341 1357 351 1372 ·
434 1324 803 1409 hujusmodi
858 1324 1255 1405 interdicto,-
1291 1346 1409 1389 nec
1471 1324 1537 1389 id
1595 1325 1776 1390 vobis
1835 1327 1903 1389 et
1958 1325 2119 1409 ipsis
2176 1325 2518 1412 contingat
2575 1326 2943 1428 specialiter

435 1413 748 1478 interdici.
824 1414 1076 1499 Null11)
1125 1435 1282 1500 ergo
1326 1415 1591 1478 omnino
1636 1414 1970 1479 hominum
2019 1414 2209 1479 liceat
2252 1414 2421 1480 hanc
2464 1416 2778 1501 paginam
2810 1436 2937 1479 no-

437 1506 567 1567 stre
625 1502 1049 1568 concessionis
1117 1504 1479 1589 infringere
1539 1504 1642 1568 vel
1701 1504 1762 1568 ei
1820 1526 1980 1568 ausu
2037 1505 2380 1569 temerario
2438 1506 2773 1570 contraire.
2866 1503 2935 1568 Si

436 1592 580 1676 quis
627 1594 842 1656 autem
886 1592 1006 1656 hoc
1051 1596 1371 1657 attentare
1417 1593 1850 1677 presumserit,
1897 1591 2417 1678 indignationem
2463 1594 2933 1696 omnipotentis

436 1681 541 1745 dei
586 1683 652 1744 et
694 1681 1028 1746 beatorum
1071 1682 1247 1746 Petri
1293 1684 1358 1746 et
1400 1682 1585 1746 Pauli
1632 1683 2071 1767 apostolorum
2118 1684 2256 1767 ejus
2302 1705 2370 1747 se
2418 1684 2672 1748 noverit
2715 1684 2933 1770 incur7

438 1792 673 1836 surum.
755 1772 995 1838 Datum
1045 1771 1361 1835 Avinione
1376 1820 1390 1849 ,
1452 1772 1577 1835 kal.
1640 1771 1972 1836 Februarii
2028 1772 2437 1856 pontificatus
2495 1772 2701 1837 nostri
2760 1794 2937 1837 anno

438 1859 696 1925 decimo.

1636 1988 1740 2052 34.

613 2130 934 2195 Iohannes
993 2129 1243 2195 XXII.
1344 2129 1731 2214 ‹mmm-di,
1778 2134 1974 2197 umori
2032 2132 2361 2216 Rudolphi
2418 2133 2599 2197 ducis
2645 2132 2947 2208 Set-monia,

434 2238 735 2322 indulget,
780 2248 856 2302 ut
896 2240 968 2302 in
1015 2237 1168 2301 locis
1213 2238 1566 2302 interdictis
1606 2240 1812 2323 possit
1856 2240 2077 2304 divina
2123 2240 2336 2324 officia
2362 2240 2585 2324 facere
2613 2239 2941 2303 celebrari.

436 2344 868 2426 Avimione,
914 2344 1132 2413 1330
1175 2345 1377 2428 Apr-
1420 2345 1566 2413 30.

720 2485 914 2538 Joann.
953 2486 1142 2545 XXII,
1180 2488 1304 2555 Ray.
1351 2486 1486 2543 Gom.
1524 2504 1611 2540 an.
1652 2486 1808 2538 XIV.
1843 2504 1975 2554 parc
2014 2486 2110 2539 IV.
2149 2504 2227 2554 op.
2266 2487 2389 2540 964.
2416 2487 2521 2559 fol.
2562 2524 2577 2539 .
2615 2523 2629 2538 .

616 2611 659 2677 J
661 2611 950 2676 ohannes
998 2613 1331 2698 episcopus
1351 2611 1407 2697 ²)
1456 2634 1676 2678 servus
1723 2634 2047 2678 servorum
2094 2612 2215 2677 dei.
2300 2613 2547 2676 Dilecte
2578 2612 2649 2677 in
2685 2611 2940 2678 Christo

435 2702 564 2766 filie
611 2701 815 2765 nobili
872 2701 1127 2766 mulieri
1187 2700 1586 2788 Cunegundi,
1634 2702 1817 2766 uxori
1876 2701 2092 2766 dilecti
2152 2701 2271 2765 filii
2330 2701 2563 2766 nobilis
2623 2701 2747 2766 viri
2807 2701 2941 2767 Ru-

436 2789 658 2875 dolphi
703 2789 876 2854 ducis
922 2788 1212 2869 Saxonie,
1259 2791 1535 2856 salutem
1559 2791 1611 2876 ³)
1661 2794 1727 2855 et
1758 2791 2171 2876 apostolicam
2201 2790 2731 2855 benedictionem.
2780 2792 2937 2855 Per-

436 2900 662 2944 sonam
706 2880 885 2943 tuam
930 2881 1203 2964 paterna
1260 2880 1714 2947 benevolentia
1769 2881 2261 2965 prosequentes,
2325 2880 2745 2964 petitionibus
2809 2880 2941 2945 tuis

433 2968 711 3032 libenter
757 2969 1116 3048 annuimus,
1163 2969 1234 3033 in
1277 2969 1378 3034 his
1424 2970 1743 3055 precipue,
1792 2991 1914 3054 que
1948 2969 2320 3054 suppliciter
2364 2969 2596 3054 pieque
2629 2970 2938 3054 postulas,

436 3061 501 3122 et
546 3057 818 3123 salutem
863 3058 1130 3144 sapiunt
1175 3059 1552 3123 animarum.
1641 3059 1791 3123 Tuis
1835 3059 2053 3143 itaque
2115 3057 2690 3144 supplicationibus
2751 3059 2940 3123 incli-

436 3147 591 3225 nati,
652 3148 1030 3212 auctoritate
1091 3147 1212 3215 tibi
1269 3149 1667 3234 presentium
1726 3147 2166 3233 indulgemus,
2230 3149 2303 3211 ut
2348 3147 2404 3211 si
2448 3148 2612 3212 forte
2675 3147 2755 3212 ad
2800 3149 2943 3213 loca

436 3236 856 3301 ecclesiastico
902 3237 1241 3302 interdicto
1287 3238 1623 3322 supposita
1668 3239 1734 3301 te
1780 3237 2127 3322 contigerit
2172 3236 2520 3315 declinare,
2579 3237 2771 3301 liceat
2815 3237 2940 3302 tibi

433 3324 505 3390 in
548 3325 692 3403 illis,
751 3326 982 3391 clausis
1019 3326 1240 3411 januis
1253 3375 1270 3406 ,
1332 3326 1894 3393 excommunicatis
1942 3329 2008 3391 et
2051 3325 2408 3397 interdictis
2455 3326 2726 3393 exclusis
2740 3375 2759 3404 ,
2802 3347 2941 3390 non

434 3414 709 3499 pulsatis
754 3416 1101 3500 campanis,
1148 3419 1213 3481 et
1258 3415 1574 3481 submissa
1620 3437 1788 3495 voce,
1834 3415 1955 3480 tibi
1986 3418 2051 3480 et
2081 3414 2505 3483 familiaribus
2551 3415 2681 3480 tuis
2715 3415 2938 3481 dome-

433 3502 607 3568 sticis
653 3504 914 3569 missam
961 3506 1026 3568 et
1073 3504 1198 3569 alia
1256 3504 1476 3570 divina
1534 3505 1743 3569 officia
1801 3505 2008 3571 facere
2065 3503 2403 3582 celebrari,
2463 3503 2805 3570 dummodo
2863 3508 2941 3570 tu

430 3592 537 3656 vel
579 3592 677 3657 illi
719 3615 975 3658 causam
1021 3615 1153 3658 non
1200 3593 1502 3659 dederitis
1560 3592 1929 3680 hujusmodi
1970 3591 2329 3670 interdicto,
2389 3615 2532 3657 nec
2552 3593 2617 3658 id
2663 3593 2785 3658 tibi
2831 3595 2938 3659 vel

438 3681 557 3746 018
576 3683 918 3768 contingat
979 3683 1340 3767 specialiter
1383 3683 1708 3763 interdici,
1766 3683 2145 3748 auctoritate
2203 3683 2326 3747 tibi
2383 3683 2785 3785 presentium
2829 3684 2939 3748 in-

434 3770 794 3857 dulgemus.
896 3771 1078 3836 Nulli
1136 3793 1292 3858 ergo
1365 3773 1629 3838 omnino
1705 3772 2040 3837 hominum
2116 3772 2308 3836 liceat
2382 3770 2551 3836 hanc
2625 3773 2943 3874 paginam

434 3862 652 3925 nostre
698 3860 1124 3926 concessionis
1148 3861 1200 3946 ⁴)
1248 3861 1606 3948 infringere
1654 3863 1758 3927 vel
1803 3862 1864 3926 ei
1911 3884 2069 3926 ausu
2099 3861 2442 3925 temerario
2489 3862 2823 3927 contraire.
2869 3859 2941 3927 Si

435 3950 575 4032 quis
623 3953 839 4015 autem
883 3950 1003 4015 hoc
1048 3952 1369 4016 attentare
1416 3952 1852 4036 presumserit,
1897 3951 2417 4037 indignationem
2463 3951 2937 4036 omnipotentis

435 4037 539 4104 dei
585 4042 649 4104 et
693 4041 1026 4123 beatorum
1071 4040 1247 4105 Petri
1297 4042 1361 4104 et
1404 4041 1590 4106 Pauli
1635 4041 2066 4126 apostolorum
2125 4041 2263 4125 ejus
2311 4062 2377 4104 se
2425 4041 2676 4106 noverit
2720 4041 2938 4105 incur-

435 4149 670 4193 surum.
761 4131 1002 4194 Datum
1069 4130 1416 4209 Avinione,
1475 4130 1558 4197 ΙΙ.
1614 4131 1741 4195 kal.
1805 4130 1963 4216 Maji
2024 4129 2435 4216 pontificatus
2495 4131 2701 4195 nostri
2762 4151 2939 4195 anno

437 4218 928 4300 quartodecimo.

621 4378 656 4440 ¹)
692 4380 782 4431 Or.
819 4380 964 4432 nulli
997 4389 1086 4431 eto.
1124 4389 1302 4433 nonu-o
1337 4380 1682 4433 concessionis
1713 4389 1802 4432 otc.
1893 4379 1934 4442 ⁸)
1972 4379 2064 4432 Or.
2101 4380 2365 4448 episcopm
2402 4389 2492 4432 eto.
2583 4379 2623 4444 ⁸)
2662 4379 2750 4432 Or.
2788 4381 2933 4432 calu·

436 4476 531 4518 tom
568 4476 657 4520 οισ.
735 4465 776 4528 ⁴)
814 4468 902 4520 Or.
941 4469 1085 4520 nulli
1135 4485 1259 4535 erqo
1296 4478 1385 4522 oto.
1421 4478 1599 4522 nom-o
1634 4469 1974 4523 concessionis
2012 4478 2101 4521 otc.
