3292 5100
2657 470 2810 532 „159

311 647 612 711 gressum
658 625 843 690 Italie
890 624 1185 690 duximus
1231 625 1576 690 districtius
1621 625 2062 700 inhibendum,
2110 622 2364 708 publice
2392 625 2816 708 predicente&

310 713 499 799 quod,
560 715 615 779 si
676 714 756 778 ad
814 716 1100 778 nostram
1160 715 1554 799 presentiam
1613 714 1785 778 infra
1830 714 2184 802 predictum
2228 713 2575 778 terminum
2621 714 2817 779 vellet

309 803 551 881 venire,
599 804 857 889 pacifice
902 802 1225 867 mandatis
1273 804 1629 887 apostolicis
1677 803 2006 888 pariturus
2060 823 2179 866 nos
2210 802 2303 866 ita
2335 802 2812 886 provideremus

310 893 604 977 negotiO,
653 892 991 957 dummodo
1037 914 1154 956 nos
1202 896 1567 977 opportuno
1614 892 2110 977 precertificaret
2154 894 2473 976 tempore,
2535 913 2662 976 quo
2709 914 2811 957 se-

306 982 523 1045 curius
587 981 710 1045 sibi
774 987 839 1045 et
901 982 1138 1046 nostris
1205 1004 1276 1045 ac
1340 982 1596 1045 ecclesie
1662 980 1956 1044 fidelibus
2001 1002 2134 1046 non
2181 983 2511 1065 suspectus
2557 982 2814 1068 pateret

308 1087 615 1134 accessus,
661 1071 744 1135 Et
801 1071 856 1134 si
915 1072 1103 1135 aliter
1159 1072 1383 1134 contra
1441 1070 1821 1134 mandatum
1879 1073 2171 1134 nostrum
2215 1069 2665 1134 Lombardiam
2708 1070 2812 1134 vel

308 1158 475 1223 alias
522 1162 740 1244 partes
786 1160 971 1224 Italie
1017 1161 1260 1223 intrare
1307 1160 1411 1223 vel
1455 1160 1866 1242 capitaneum
1926 1161 2038 1223 aut
2094 1159 2391 1223 militiam
2452 1180 2564 1223 seu
2620 1159 2812 1223 aliam

312 1270 782 1333 quamcumque
829 1251 1094 1333 gentem
1142 1248 1463 1313 destinare
1509 1250 1940 1332 presumeret,
2005 1269 2123 1311 nos
2168 1250 2304 1312 tam
2348 1247 2565 1332 ipsum
2612 1245 2807 1334 C(on-

303 1337 635 1422 radinum)
685 1359 877 1421 quam
925 1359 1048 1414 eos,
1096 1338 1208 1421 qui
1250 1337 1468 1401 taliter
1513 1357 1631 1420 pro
1678 1358 1753 1401 eo
1799 1337 2098 1401 venirent
2125 1337 2227 1401 vel
2272 1359 2415 1401 cum
2472 1337 2646 1420 ipse,
2693 1353 2812 1400 nec

304 1448 447 1491 non
494 1428 560 1490 et
604 1448 826 1490 omnes
871 1427 1031 1504 illos,
1080 1427 1188 1511 qui
1237 1448 1385 1491 eum
1432 1428 1546 1490 aut
1588 1426 1923 1490 venientes
1970 1447 2089 1510 pro
2136 1446 2212 1489 eo
2255 1426 2634 1510 reciperent,
2681 1447 2810 1503 8011,

307 1514 392 1579 8(1
439 1515 728 1599 ipsorum
775 1515 1124 1580 adventum
1169 1516 1271 1580 vel
1315 1515 1680 1593 transitum,
1728 1516 1820 1579 eis
1865 1536 1984 1598 per
2028 1535 2096 1578 se
2141 1515 2246 1579 vel
2289 1536 2408 1599 per
2454 1515 2650 1578 alium
2697 1515 2811 1579 da-

304 1606 462 1669 rent
503 1604 868 1682 consilium,
917 1605 1223 1670 auxilium
1269 1603 1373 1668 vel
1416 1604 1732 1682 favorem,
1794 1604 2119 1688 publicum
2162 1604 2266 1667 vel
2310 1605 2652 1683 occultum,
2700 1624 2811 1668 ex-

306 1694 902 1758 communicationis
949 1695 1274 1758 sententia
1319 1692 1613 1757 duximus
1659 1692 2079 1757 innodandos.

490 1784 656 1847 Item
703 1783 854 1867 quia
898 1782 1069 1847 idem
1117 1781 1574 1868 C(onradinus)
1623 1785 1847 1848 contra
1900 1781 2319 1847 inhibitiones
2381 1784 2446 1846 et
2503 1784 2811 1866 precepta

304 1874 535 1936 nostra
578 1874 819 1936 temere
866 1869 1227 1936 veniendo
1218 1893 1309 1936 ac
1339 1894 1406 1936 se
1438 1871 1725 1957 gerendo
1770 1870 2210 1956 multipliciter
2238 1892 2358 1955 pro
2402 1892 2557 1956 rege
2588 1868 2811 1950 Sicilie,

308 1962 636 2026 Veronam
657 1982 798 2024 cum
818 1962 1051 2026 militia
1068 1962 1288 2026 venire
1308 1961 1718 2063 presumpsit,
1752 1982 1898 2024 eum
1930 1960 2448 2025 denuntiavimus
2492 1960 2811 2045 predictas

305 2049 980 2115 excommunicationis
994 2050 1381 2115 sententias
1362 2049 1721 2127 incurrisse,
1732 2048 1810 2113 de
1825 2070 1993 2114 novo
2008 2049 2629 2113 excommunicantes
2645 2070 2805 2113 eun-

304 2136 473 2203 dem.
504 2139 667 2203 Item
698 2160 923 2204 omnes
953 2142 1020 2205 et
1050 2139 1356 2225 singulos,
1389 2139 1502 2223 qui
1532 2161 1600 2203 se
1623 2138 1702 2203 ad
1722 2137 2144 2222 prestandum
2164 2138 2370 2203 eidem
2391 2133 2808 2223 C(onradino)

307 2248 507 2313 super
535 2228 865 2313 premissis
900 2228 1172 2313 imperio
1218 2229 1351 2294 sive
1395 2250 1601 2314 regno
1648 2228 1968 2304 auxilium,
1999 2228 2334 2292 consilium
2378 2227 2483 2292 vel
2524 2228 2811 2292 favorem

300 2316 662 2400 juramenti
707 2318 960 2383 vinculo
1008 2318 1475 2395 astrinxerunt,
1539 2316 1998 2382 denuntiantes
2034 2317 2405 2400 juramento
2447 2315 2815 2401 hujusmodi

309 2424 448 2469 non
492 2404 703 2470 teneri
749 2410 814 2471 et
860 2408 940 2472 ab
986 2407 1430 2472 observatione
1476 2407 1681 2491 ipsius
1737 2428 1843 2471 eos
1890 2405 2342 2471 nichilominus
2389 2405 2810 2484 absolventes,

309 2494 367 2560 si
411 2494 632 2561 forsan
674 2492 746 2561 in
789 2495 1156 2582 hujusmodi
1200 2497 1515 2582 propositi
1561 2518 1674 2562 seu
1721 2495 2133 2582 obligationis
2179 2494 2623 2581 prosecutione
2660 2515 2811 2580 per-

309 2584 629 2663 sisterent,
676 2586 850 2671 ipsos
899 2587 1569 2651 excommunicationis
1615 2586 1965 2663 sententie,
2013 2607 2207 2670 quam
2253 2588 2488 2649 extunc
2530 2584 2811 2663 tulimus,

308 2672 702 2739 decrevimus
749 2676 1091 2760 subjacere.
1137 2677 1301 2740 Item
1349 2678 1499 2759 quia
1544 2675 1715 2739 idem
1750 2673 2205 2761 O(onradinus)
2239 2673 2545 2739 mandato
2591 2676 2812 2739 nostro

307 2760 441 2827 sibi
478 2762 647 2828 facto
694 2786 773 2829 ex
817 2766 1021 2829 causis
1067 2765 1401 2850 legitimis,
1449 2768 1523 2829 ut
1580 2765 1755 2829 infra
1812 2766 2055 2828 certum
2113 2766 2371 2849 tempus
2432 2763 2511 2827 de
2558 2766 2815 2829 Verona

309 2850 381 2916 et
421 2854 559 2918 tota
603 2854 793 2918 Italia
837 2876 980 2918 cum
1026 2855 1204 2919 omni
1248 2877 1364 2918 sua
1410 2858 1607 2940 gente
1655 2852 2006 2918 discederet
2062 2874 2182 2918 nec
2240 2853 2318 2918 de
2377 2853 2649 2938 imperio
2711 2852 2814 2917 vel

308 2934 519 3021 Italia,
567 2943 635 3006 et
677 2943 1040 3028 specialiter
1087 2943 1164 3006 de
1210 2965 1415 3029 regno
1451 2941 1676 3020 Sicilie,
1722 2943 1793 3006 in
1826 2964 1951 3026 quo
1983 2965 2146 3019 eum,
2194 2942 2357 3007 sicut
2385 2943 2809 3027 premisimus,

311 3033 582 3107 constat,
629 3034 694 3097 et
739 3054 858 3097 nos
903 3032 1354 3098 nichilominus
1401 3032 1877 3110 declaravimus,
1920 3032 2030 3116 jus
2076 3032 2334 3115 aliquod
2380 3053 2512 3099 non
2557 3031 2811 3110 habere,

307 3142 379 3185 se
437 3120 923 3200 intromitteret,
984 3143 1211 3224 parere
1272 3122 1688 3206 contempsit,
1749 3122 1965 3223 ipsum
2023 3142 2229 3207 regno
2290 3122 2335 3186 J
2338 3120 2811 3186 erosohmitano

309 3209 705 3295 privavimus
752 3213 818 3276 et
862 3212 1039 3276 omni
1077 3211 1241 3296 jure,
1289 3211 1346 3275 si
1389 3210 1559 3296 quod
1603 3210 1886 3275 habebat
1929 3210 1999 3274 in
2044 3208 2171 3288 1110,
2220 3213 2286 3275 et
2331 3210 2602 3276 vasallos
2670 3211 2808 3294 eJ'us

310 3298 583 3364 ubilibet
658 3301 1034 3366 constitutos
1110 3301 1190 3365 ab
1250 3301 1428 3365 omni
1474 3301 1845 3385 juramento
1904 3299 2231 3364 fidelitatis
2293 3299 2679 3365 absolvimus
2693 3348 2709 3378 ,
2757 3299 2813 3365 si
2910 3368 2919 3375 ,

313 3410 442 3473 quo
480 3391 787 3454 tenentur
818 3390 1040 3455 eidem.
1086 3391 1252 3455 Item
1299 3390 1448 3474 quia
1492 3388 1898 3474 postmodum
1945 3386 2331 3475 contemptis
2377 3390 2615 3454 nostris
2659 3410 2811 3475 pre-

311 3477 524 3542 missis
570 3479 1045 3558 monitionibus,
1091 3478 1582 3544 inhibitionibus
1629 3481 1695 3542 et
1730 3478 2068 3562 preceptis,
2115 3479 2385 3563 Papiam
2430 3479 2698 3544 veniens
2745 3480 2813 3542 et

312 3566 693 3652 aliquorum
719 3567 1090 3634 devotorum
1136 3568 1394 3633 ecclesie
1451 3571 1692 3632 terram
1749 3566 2094 3645 invadens,
2153 3568 2387 3633 iterato
2446 3569 2729 3634 monitus
2776 3591 2814 3632 a

311 3678 395 3810 {1¹³
397 3678 554 3811 ‘33¹⁸
546 3679 667 3811 {¹30
689 3657 1024 3830 &sin—'⁵552
1041 3656 2814 3831 θέρὲἑῖθΠὲἔὲἲῖηῗὲῗῗιὲῗὲοἲῗὲηἶῗᾞζηῗαξῗ

311 3834 622 3899 dictorum
667 3837 940 3900 fratrum
985 3836 1247 3902 consilio
1291 3835 1681 3901 reddidimus
1721 3835 1899 3899 omni
1943 3832 2232 3921 tempore
2276 3836 2701 3922 ineligibilem
2748 3841 2814 3899 et

311 3946 574 4009 prorsus
619 3924 972 3989 inhabilem
1020 3924 1100 3989 ad
1143 3947 1418 4011 regnum
1466 3925 1794 4010 quodlibet
1836 3925 1941 3989 vel
1984 3926 2328 4009 imperium
2373 3925 2811 3991 obtinendum.

310 4014 397 4079 Et
441 4013 889 4078 nichilominus
939 4015 1331 4098 privavimus
1380 4037 1524 4078 eum
1572 4015 1867 4078 omnibus
1914 4014 2121 4078 feudis
2159 4017 2225 4078 et
2247 4012 2498 4098 juribus
2547 4015 2808 4099 quibus-

310 4124 599 4188 cumque,
647 4103 702 4169 si
749 4125 874 4187 qua
917 4105 1138 4167 forsan
1186 4127 1223 4167 a
1270 4103 1659 4187 quibuslibet
1705 4102 1981 4167 ecclesiis
2028 4103 2363 4170 obtineret.
2410 4104 2576 4169 Item
2605 4104 2809 4187 ipsius

312 4191 720 4279 C(onradini)
768 4195 1088 4256 crescente
1134 4192 1381 4256 malitia
1428 4213 1644 4276 eoque,
1678 4194 1899 4256 contra
1944 4192 2347 4270 monitiones,
2392 4192 2811 4257 inhibitiones

312 4284 382 4346 et
439 4284 745 4365 precepta
802 4284 1052 4359 nostra,
1112 4282 1291 4345 Pisas
1349 4283 1589 4345 temere
1650 4281 1980 4358 veniente,
2040 4281 2353 4346 universis
2413 4285 2480 4346 et
2537 4282 2811 4367 singulis

313 4369 554 4437 Christi
596 4370 888 4435 fidelibus
935 4374 1001 4434 et
1045 4370 1406 4454 specialiter
1450 4370 1862 4453 patriarchis,
1913 4370 2419 4455 archiepiscopis
2468 4370 2804 4456 episcopis,

311 4458 670 4538 abbatibus,
716 4458 1033 4544 prioribus
1079 4462 1144 4523 et
1187 4457 1575 4544 quibuslibet
1619 4459 1761 4523 aliis
1808 4459 2211 4523 ecclesiarum
2256 4460 2522 4545 prelatis
2560 4462 2625 4524 et
2654 4480 2802 4547 per·
