3292 5100
2732 442 2853 502 139

358 600 676 666 nitionem
740 604 1018 666 vestram
1037 652 1052 681 ,
1129 604 1343 687 prout,
1398 602 1670 688 exigunt
1730 600 2091 666 litterarum
2156 603 2221 665 et
2284 598 2857 665 instrumentorum

357 690 645 775 ipsorum
682 691 845 774 justi
891 692 957 755 et
999 692 1413 756 rationabiles
1458 695 1715 766 tenores
1737 741 1751 768 ,
1810 690 2221 774 impendant,
2284 712 2360 754 ex
2406 692 2590 774 parte
2637 692 2857 753 nostra

356 800 622 843 monere
684 782 751 844 et
808 780 1105 845 inducere
1167 781 1496 845 studeatis.
1589 780 1769 860 Quod
1834 781 1890 844 si
1949 780 2122 844 infra
2179 783 2432 863 tempus
2491 779 2858 864 hujusmodi

355 870 589 933 vestris
636 891 770 933 non
817 870 1254 953 acquieverint
1297 870 1560 934 monitis
1608 872 1675 933 et
1717 869 2195 934 inductionibus
2240 870 2311 933 in
2346 868 2467 933 hac
2495 871 2695 952 parte,
2744 889 2855 932 vos

357 961 596 1022 extunc
626 958 696 1023 in
742 959 1028 1042 ipsorum
1075 958 1434 1023 debitorum
1481 961 1547 1022 et
1590 959 1907 1042 majorum
1954 959 2030 1022 de
2077 958 2512 1036 conventibuS,
2559 957 2854 1041 capitulis

357 1050 424 1111 et
489 1049 1055 1113 communitatibus
1116 1049 1391 1137 prefatis!
1445 1070 1754 1132 personas
1815 1048 2484 1112 excommunicationis
2500 1097 2514 1125 ,
2573 1047 2644 1110 in
2702 1068 2854 1111 con-

354 1140 592 1201 ventus
639 1159 804 1214 ver0,
851 1138 1132 1222 capitula
1190 1139 1256 1200 et
1311 1138 1833 1215 communitates,
1894 1159 2017 1221 que
2077 1138 2535 1201 contumaciter
2592 1136 2855 1200 monitis

352 1227 588 1290 vestris
634 1226 937 1291 duxerint
980 1227 1425 1305 resistendum,
1472 1250 1584 1291 vos
1615 1228 1720 1290 vel
1752 1228 1914 1290 alter
1960 1230 2243 1291 vestrum
2288 1248 2407 1310 per
2451 1248 2561 1290 vos
2606 1226 2708 1290 vel
2738 1246 2854 1309 per

358 1315 559 1379 alium
606 1338 718 1379 seu
766 1317 924 1380 alios
971 1316 1296 1380 interdicti
1342 1316 1698 1380 sententias
1745 1316 2167 1400 promulgetis
2214 1318 2279 1379 et
2324 1315 2573 1380 faciatis
2605 1336 2854 1379 excom-

352 1405 714 1468 municatos
760 1405 1148 1489 hujusmodi
1173 1407 1253 1470 ab
1301 1406 1442 1469 aliis
1491 1407 1692 1469 artius
1740 1405 1984 1469 evitari.
2074 1403 2139 1468 Si
2197 1425 2348 1468 vero
2406 1427 2523 1489 per
2568 1426 2856 1469 mensem

353 1493 614 1557 easdem
662 1495 1017 1558 sententias
1065 1495 1488 1559 sustinuerint
1534 1495 1750 1558 animo
1794 1494 2111 1572 indurat0,
2159 1516 2266 1558 eas
2314 1516 2514 1578 usque
2554 1493 2634 1559 ad
2657 1494 2854 1568 ,satis-

351 1583 702 1648 factionem
761 1584 1177 1668 condignam,
1239 1584 1351 1648 ubi
1414 1587 1480 1648 et
1539 1584 1795 1668 quando
1856 1584 2152 1668 expedire
2212 1584 2523 1661 videritiS,
2584 1584 2856 1667 pulsatis

352 1673 687 1756 campanis
734 1675 801 1735 et
844 1672 1126 1737 candelis
1174 1675 1469 1751 accensiS,
1516 1674 1770 1737 faciatis
1817 1674 2257 1757 sollempniter
2301 1674 2630 1756 publicari.
2706 1673 2855 1737 Non

355 1762 765 1826 obstantibus
813 1762 869 1825 si
914 1762 1096 1827 dictis
1135 1762 1620 1847 archiepiscop0,
1671 1763 2096 1847 suffraganeis
2145 1765 2211 1826 et
2257 1763 2399 1827 aliis
2446 1762 2852 1846 quibuscum-

354 1872 482 1934 que
531 1873 568 1914 a
613 1851 762 1915 sede
812 1851 1170 1934 apostolica'
1205 1852 1290 1916 sit
1333 1853 1672 1929 indultum,
1721 1852 1889 1935 quod
1937 1852 2501 1930 excommunicari,
2548 1851 2856 1936 suspendi
2949 1899 2957 1906 -

352 1940 459 2022 vel
504 1921 802 2005 interdici
848 1962 960 2004 seu
1004 1944 1188 2004 ¹extra
1234 1963 1415 2005 suam
1461 1942 1856 2025 provinciam
1903 1942 2005 2005 vel
2051 1941 2348 2005 diocesim
2380 1944 2493 2004 aut
2523 1941 2650 2005 alia
2679 1942 2854 2005 certa

349 2029 492 2094 loca
539 2028 617 2093 ad
655 2028 966 2112 judicium
1013 2030 1260 2094 evocari
1304 2053 1437 2095 non
1483 2031 1736 2114 possint
1780 2051 1896 2114 per
1940 2030 2189 2095 litteras
2251 2030 2659 2114 apostolicas,
2719 2051 2853 2094 non

351 2117 665 2183 facientes
713 2119 973 2202 plenam
1021 2121 1086 2183 et
1133 2141 1501 2203 expressam
1548 2141 1619 2183 ac
1666 2119 1742 2182 de
1789 2119 1982 2183 verbo
2032 2119 2111 2183 ad
2171 2120 2450 2184 verbum·
2481 2119 2557 2183 de
2603 2116 2854 2183 indulto

349 2207 720 2290 hujusmodi
771 2208 1168 2272 mentionem
1229 2230 1301 2272 ac
1358 2209 1644 2293 predicta
1703 2208 2158 2272 constitutione
2219 2208 2296 2273 de
2359 2209 2604 2273 duabus
2663 2207 2853 2273 dietis

351 2295 526 2360 edita
571 2297 642 2360 in
688 2297 952 2361 concilio
998 2298 1305 2381 generali,
1354 2297 1695 2362 dummodo
1743 2298 1910 2361 ultra
1956 2298 2218 2362 tertiam
2265 2298 2366 2362 vel
2404 2300 2700 2382 quartam
2733 2297 2852 2363 ali-
2910 2293 2913 2297 “

352 2386 496 2469 quis
545 2388 725 2449 extra
771 2408 954 2451 suam
999 2386 1301 2451 diocesim
1349 2389 1727 2452 auctoritate
1774 2388 2174 2471 presentium
2234 2387 2315 2451 ad
2361 2386 2674 2470 judicium
2719 2406 2853 2451 non

348 2474 649 2538 trahatur
695 2477 760 2539 et
804 2476 932 2554 illa,
980 2498 1173 2560 quam
1219 2477 1421 2540 felicis
1465 2476 1922 2540 recordationis
1969 2476 2384 2540 Innocentius
2430 2499 2637 2561 papa,
2702 2496 2852 2561 pre·-

351 2563 642 2629 decessor
686 2567 922 2644 noster,
988 2561 1259 2631 edidisse
1326 2565 1707 2643 dinoscitur,
1774 2566 1852 2630 de
1918 2566 2236 2650 aliquibus
2301 2588 2417 2650 per
2480 2566 2854 2651 generalem

349 2654 703 2718 clausulam
768 2655 1028 2739 quidam
1094 2657 1205 2721 alii
1268 2657 1438 2719 ultra
1503 2659 1777 2739 quatuor
1843 2655 1921 2718 ad
1972 2655 2284 2739 judicium
2342 2674 2477 2719 non·
2521 2654 2853 2721 trahendis

350 2743 486 2807 sive
555 2743 842 2827 qualibet
912 2745 1039 2808 alia
1102 2745 1511 2828 indulgentia
1574 2744 1857 2828 predicte
1922 2744 2105 2822 sedis,
2170 2766 2287 2828 per
2351 2758 2545 2828 quam
2592 2744 2854 2809 effectus

349 2833 753 2916 presentium
797 2833 1094 2916 impediri
1140 2835 1353 2898 valeat
1378 2835 1500 2897 vel
1532 2833 1790 2911 differri,
1837 2833 2108 2917 provis0,
2156 2836 2230 2897 ut
2260 2832 2469 2918 quoad
2501 2833 2856 2918 pontificali

351 2921 676 3007 dignitate
722 2922 1006 3005 preditos
1052 2923 1121 2987 in
1168 2943 1501 3006 processu,
1549 2923 1605 2987 si
1652 2923 1793 3006 quis
1839 2923 2036 2988 fuerit
2081 2924 2302 2987 contra
2351 2944 2456 2987 eos
2502 2921 2853 3002 habendu8‚

348 3011 590 3096 gradus
639 3013 703 3074 et
747 3010 1060 3076 modestia
1096 3012 1283 3095 juxta
1342 3012 1866 3076 constitutionem
1926 3012 2129 3077 felicis
2187 3011 2649 3076 recordationis
2700 3010 2852 3076 Ale-

346 3100 581 3165 xandri
625 3122 793 3184 pape
814 3150 828 3178 ,
876 3101 1339 3183 predecessoris
1400 3101 1634 3180 nostri,
1682 3102 1944 3164 omnino
1992 3104 2296 3168 servetur.
2388 3101 2629 3169 Datum
2677 3099 2847 3183 apud

349 3188 591 3254 Urbem
640 3191 938 3268 veterem,
987 3192 1061 3257 V.
1108 3189 1235 3256 kal.
1285 3189 1524 3273 Aprilis
1573 3211 1746 3254 anno
1791 3190 2000 3254 terti0.

1555 3403 1653 3466 15.

532 3545 810 3612 clemens
853 3548 978 3613 IV.
1024 3549 1291 3612 mwndat
1320 3550 1628 3612 Ottobono
1675 3571 1724 3611 ε.
1754 3548 2044 3613 Adriani
2088 3550 2349 3614 diacono
2397 3550 2734 3631 cardinali,
2782 3560 2857 3617 ut

348 3652 494 3718 citet
533 3655 929 3718 Riccardum
959 3654 1031 3719 in
1060 3675 1268 3739 reyem
1297 3657 1747 3725 Romanorum
1777 3655 2050 3733 electum,
2097 3666 2172 3720 ut
2213 3657 2549 3741 apostolico
2595 3679 2661 3721 se
2705 3679 2851 3723 con-

344 3764 583 3845 spectui
627 3771 1014 3845 representet.
1061 3763 1138 3845 ⁶f·
1184 3763 1302 3826 Nr.
1351 3762 1498 3831 529.
1608 3761 1974 3843 Viterbm,
2020 3761 2232 3830 1266
2275 3765 2477 3846 Apr.
2524 3765 2657 3830 30.

529 3902 908 3989 O(ttobono)
930 3904 1135 3967 sancti
1164 3903 1433 3968 Adriani
1452 3904 1717 3968 diacono
1736 3903 2043 3968 cardinali
2062 3905 2405 3988 apostolice
2425 3905 2594 3969 sedis
2612 3906 2849 3991 legato,

346 3992 427 4056 In
448 3992 713 4077 negotio
736 3993 1007 4078 imperii,
1032 3992 1109 4066 in
1137 4013 1263 4076 quo
1282 3993 1593 4057 carissimi
1611 3994 1683 4057 in
1705 3991 1955 4057 Christo
1989 3993 2105 4056 filii
2134 3994 2340 4057 nostri
2361 3994 2715 4079 A(lfonsus)
2735 4016 2851 4061 rex

349 4079 623 4145 Castelle
657 4103 728 4144 ac
745 4081 1051 4166 Legionis
1081 4081 1348 4146 illustris
1371 4084 1436 4145 et
1453 4081 1811 4159 RiccarduS,
1842 4083 1913 4146 in
1931 4082 2364 4146 Romanorum
2391 4105 2615 4167 regem
2648 4084 2847 4162 electi,

338 4170 449 4253 jus
497 4170 620 4233 sibi
664 4192 781 4253 per
830 4169 1188 4247 electioneS,
1236 4181 1394 4253 quas
1443 4170 1519 4234 de
1567 4193 1634 4234 se
1682 4171 2031 4236 celebratas
2080 4174 2390 4249 asserunt,
2437 4172 2780 4237 vendicant
2810 4196 2853 4238 a

347 4258 553 4323 felicis
598 4258 1054 4323 recordationis
1101 4259 1365 4323 Urbano
1411 4282 1612 4343 papa,
1661 4260 2101 4343 predecessore
2149 4262 2396 4338 nostr0,
2444 4259 2684 4325 dudum
2729 4262 2852 4326 sub

347 4350 521 4411 certa
565 4344 774 4412 forma
818 4349 1038 4412 citatio
1086 4349 1441 4426 emanavit,
1504 4351 1576 4411 ut
1621 4348 1816 4412 iidem
1864 4349 2049 4413 electi
2092 4371 2300 4413 coram
2350 4349 2571 4413 eodem
2617 4351 2849 4435 prede·-

348 4457 591 4501 cessore
652 4458 771 4523 per
829 4439 1272 4524 procuratores
1333 4438 1596 4504 idoneos
1656 4440 1827 4501 certo
1886 4438 2161 4509 termino
2217 4444 2676 4523 comparerent.
2765 4441 2856 4519 Et,
