3292 5100
559 422 642 481 36
1088 422 1452 469 URBANUS
1489 423 1568 470 lv.
1611 423 1762 472 1264.
1850 420 2202 471 CLEMENS
2237 424 2316 470 IV.
2360 419 2511 472 1265.

562 581 750 642 1264.

553 704 733 783 (Aug.
757 707 839 783 9.)
887 705 963 780 (A
975 726 1016 782 p
1029 705 1125 765 ud
1167 707 1217 764 U
1230 705 1312 763 rb
1328 723 1360 764 e
1374 725 1435 763 m
1478 725 1515 764 v
1529 724 1560 763 e
1573 706 1602 763 t
1616 723 1648 762 e
1662 724 1694 762 r
1707 723 1739 763 e
1752 709 1855 783 m.)
1901 704 2197 764 Universis
2238 703 2519 781 episeopis
2557 724 2662 782 per
2689 705 2960 764 Tusciam
2993 707 3060 765 et

868 794 1294 855 Patrimonium
1323 794 1676 854 constitutis.
1706 794 1792 853 De
1820 793 2020 853 eadem
2049 793 2357 872 legatione.
2395 794 2515 853 162
2536 813 2594 869 p.
2617 794 2743 854 124
2762 794 2838 881 131
2853 841 2868 855 .
2910 799 3060 856 486

597 943 632 974 „
728 901 827 962 13.
1006 944 1040 974 ,,
1219 900 1419 960 Nobili
1446 899 1574 960 viro
1595 900 1839 960 Corrado
1869 899 2005 959 duoi
2034 900 2247 960 Suetie.
2277 901 2500 960 Laudat
2530 900 2660 976 ejus
2688 899 3058 973 fidelitatem,

871 990 1028 1067 quod
1074 989 1426 1066 quibusdam
1475 1008 1611 1048 eum
1659 989 1734 1048 ad
1777 989 2012 1049 eoelesie
2059 991 2559 1067 oppugnationem
2604 989 3059 1065 impellentibus

869 1080 1199 1139 oonstanter
1226 1079 1526 1139 restiterit.
1557 1110 1641 1122 —-
1675 1079 2073 1154 „KSperamus
2104 1078 2183 1138 id.
2212 1080 2370 1157 Aug.
2395 1078 2514 1138 167
2548 1096 2606 1154 p.
2633 1079 2880 1163 124131.
2910 1083 3055 1139 43⁷

595 1228 629 1259 ‚,
725 1184 825 1245 27.
1215 1186 1278 1244 P.
1316 1185 1415 1257 18,
1422 1185 1569 1244 931.
1601 1184 1763 1243 Sine
1792 1186 1959 1245 nota
1987 1184 2293 1244 chronol.
2325 1218 2410 1230 -
2441 1185 2641 1259 „Inter
2670 1184 3056 1244 carissimos‘fl

871 1275 1000 1334 Dat.
1033 1274 1189 1350 apud
1218 1275 1435 1333 Urbem
1462 1276 1721 1334 veterem
1751 1275 1849 1335 VL
1879 1273 1994 1333 kal.
2025 1273 2181 1349 Sept.
2216 1274 2343 1333 314
2373 1292 2430 1350 p.
2468 1273 2548 1332 78
2580 1273 2651 1334 D.
2908 1277 3057 1335 488

559 1379 1014 1442 1263—1264.

551 1504 706 1581 Sept.
770 1506 1076 1582 4.—-Sept.
1110 1508 1168 1567 3.
1276 1505 1361 1582 (,‚)
1468 1505 1860 1577 Thesaurario,
1893 1505 2106 1565 decano
2135 1508 2196 1565 et
2226 1506 2514 1565 canonicis
2543 1505 2775 1565 eoelesie
2795 1523 2841 1564 s.
2860 1504 3055 1564 Ylarii

866 1595 1239 1656 Pietavensis.
1268 1594 1563 1654 Eximitur
1591 1615 1626 1653 a
1653 1596 1940 1671 potestate
1971 1595 2266 1667 ordinarii,
2311 1614 2545 1655 annuus
2588 1613 2795 1655 census
2837 1594 3052 1670 injun-

868 1687 1048 1764 gitur.
1082 1685 1256 1744 Sine
1285 1685 1464 1744 nota
1494 1683 1830 1745 chronol.
1865 1683 1945 1743 21
1980 1703 2036 1760 p.
2072 1686 2110 1743 6
2142 1685 2210 1744 D.
2909 1689 3052 1746 439

770 1793 917 1854 4.-
991 1835 1026 1865 ,,
1120 1793 1176 1851 3.
1286 1791 1372 1869 (,,)
1477 1791 1698 1851 Abbati
1725 1791 2062 1851 monasterii
2090 1809 2132 1851 s.
2165 1793 2346 1852 Marie
2375 1793 2592 1853 montis
2624 1791 2875 1870 virginis
2904 1810 3051 1851 eon-

869 1883 1096 1943 oeditur
1124 1900 1268 1942 usus
1295 1881 1486 1940 mitre.
1519 1881 1685 1940 Sine
1713 1883 1881 1941 nota
1910 1880 2215 1943 chronol.
2907 1887 3051 1943 440

766 1990 914 2049 4.-
987 2032 1022 2062 ,,
1117 1990 1172 2048 3.
1282 1988 1367 2065 (,,)
1473 1988 1730 2048 Johanni
1771 1991 1911 2048 nato
1941 1989 2219 2049 Balduini
2255 1989 2328 2049 de
2356 1990 2599 2049 Avenes.
2632 1991 2745 2050 Pro
2776 1988 3050 2049 sedandis

866 2079 1165 2140 discordiis
1194 2078 1487 2154 dispensat
1516 2096 1695 2155 super
1723 2080 2245 2157 consanguinitate.
2277 2080 2452 2139 Sine
2493 2082 2676 2139 nota
2704 2079 3047 2138 chronol.
3083 2101 3104 2121 κ

867 2202 958 2212 -
984 2169 1180 2241 ‚,Lioet
1210 2169 1275 2228 in
1304 2171 1565 2244 quarto“.
1605 2168 1681 2226 11
1714 2187 1771 2245 p.
1810 2168 1891 2227 83
1924 2169 2029 2254 131.
2907 2174 3046 2230 441

762 2277 909 2339 4.—
985 2319 1018 2349 ,‚
1113 2277 1171 2336 3.
1280 2275 1366 2352 (,‚)
1473 2275 1742 2335 Habetur
1784 2295 1882 2348 e0,
1928 2276 2087 2353 quod
2129 2279 2284 2337 cives
2312 2276 2585 2337 Oseulani
2613 2275 2909 2337 Manfredo
2938 2274 3046 2333 ad·-

868 2366 1162 2427 heserunt.
1199 2365 1318 2425 131
1352 2384 1408 2442 p.
1442 2366 1524 2425 39
1556 2366 1626 2425 D.
2907 2370 3045 2437 442

592 2514 628 2549 ‚‚
763 2475 821 2535 4.
822 2507 910 2519 -
982 2517 1015 2546 ,,
1109 2473 1167 2534 3.
1275 2472 1316 2546 (,
1320 2475 1362 2551 ,)
1467 2473 1769 2545 Potestati‚
1785 2475 2082 2551 capitaneo
2095 2477 2156 2534 et
2168 2475 2464 2534 communi
2476 2472 2823 2545 Saxiferrati,
2846 2474 2904 2532 N
2904 2490 3045 2533 uce-

864 2565 992 2625 rine
1022 2565 1165 2624 dioo.
1198 2562 1363 2635 Quod
1393 2563 1591 2623 domos
1621 2565 1990 2639 quorundam
2031 2566 2264 2638 eoelesie
2307 2565 2622 2626 rebellium
2663 2582 2878 2640 eosque
2904 2582 3045 2640 per·

867 2656 1241 2731 sequentium
1268 2656 1621 2713 everserunt.
1658 2655 1784 2713 255
1815 2674 1872 2730 p.
1910 2655 1990 2713 66
2022 2656 2091 2715 D.
2906 2659 3045 2715 448

593 2802 628 2835 „
764 2763 824 2824 4.
825 2793 915 2807 -—
987 2806 1020 2836 ‚‚
1114 2763 1171 2822 3.
1279 2760 1322 2835 (,
1325 2764 1366 2838 ,)
1473 2761 1801 2822 Borehardo
1844 2764 2045 2822 oomiti
2083 2763 2508 2825 Vindocinensi.
2537 2729 2761 2823 Laudat
2789 2760 2917 2837 ejus
2945 2760 3044 2836 pi-

865 2854 1122 3019 (15,ωέεὲΜύ
1157 2851 1316 2927 quod
1353 2853 1792 2930 crucesignatus
1819 2853 2154 2913 liberationi
2181 2856 2337 2913 terre
2367 2856 2562 2914 sancte
2589 2851 2875 2912 intendat.
2906 2849 3046 3001 {2

764 3051 911 3110 4.-
984 3092 1018 3122 ,,
1112 3050 1167 3108 3.
1277 3047 1364 3125 (,,)
1471 3050 1683 3110 Comiti
1709 3053 1985 3114 Blesensi.
2017 3051 2111 3112 Ad
2149 3051 2476 3112 subsidium
2504 3053 2659 3110 terre
2689 3052 2884 3111 sancte
2912 3050 3042 3107 ani·-

866 3142 1006 3200 mat.
1040 3139 1167 3198 274
1197 3155 1255 3215 p.
1292 3138 1371 3198 70
1404 3140 1473 3201 D.
2907 3142 3043 3200 445

765 3247 910 3306 4.-
986 3291 1020 3320 ,,
1116 3250 1173 3308 3.
1281 3248 1367 3325 (,,)
1473 3250 1675 3310 Nobili
1715 3254 1843 3312 viro
1880 3254 2158 3329 potestati
2193 3253 2586 3315 Reatinorum.
2632 3256 2842 3314 Contra
2881 3253 3042 3312 Bon-

867 3340 1129 3503 {onqiturb
1150 3338 1215 3397 in
1256 3340 1593 3399 Paetensem
1636 3342 1934 3402 eeclesiam
1974 3361 2082 3420 per
2124 3345 2491 3405 Mansredum
2533 3346 2847 3405 intrusum.
2906 3342 3042 3498 {ig

1267 3640 1312 3712 6
1330 3643 1373 3711 Ι.
1392 3643 1435 3712 Ε
1454 3645 1506 3712 Μ
1528 3643 1571 3712 Ε
1589 3646 1632 3712 Ν
1653 3644 1696 3712 S
1760 3646 1844 3713 W.
1906 3644 2333 3715 1265-1268.

548 3746 809 3827 Eligitur
844 3750 1011 3809 1265
1043 3750 1206 3810 Febr.
1241 3754 1294 3811 5.
1323 3755 1565 3815 Perusii.
1603 3790 1692 3800 -
1732 3757 2107 3817 Consecratur
2143 3758 2309 3817 1265
2340 3757 2504 3818 Febr.
2546 3756 2642 3818 15.
2674 3758 2918 3818 Perusii.
2957 3790 3035 3803 --

556 3927 723 3987 1265
1259 3842 1516 3904 Moritur
1550 3846 1718 3905 1268
1752 3847 1894 3906 Nov.
1932 3848 2030 3906 29.
2063 3839 2338 3907 Viterbii.

547 4053 716 4114 Febr.
739 4055 840 4115 22.
869 4054 1191 4115 Perusii.
1237 4056 1684 4135 Archiepisoopo
1733 4060 2047 4120 Senonensi
2092 4064 2153 4121 et
2199 4060 2561 4139 suffraganeo
2608 4062 2753 4139 ejus
2814 4060 2901 4119 De
2949 4061 3040 4120 sui

866 4144 1144 4205 electione
1183 4146 1468 4207 auxilium
1495 4148 1663 4223 petit.
1693 4182 1783 4193 —-
1811 4149 2064 4222 „Plenus
2107 4150 2464 4211 dulcedine&
2508 4151 2667 4212 VIII.
2710 4150 2823 4210 kal.
2870 4151 3037 4211 Mart.

876 4233 908 4293 1
940 4253 999 4311 p.
1037 4235 1068 4292 l
1103 4237 1172 4295 A.
1306 4235 1453 4314 Regi
1480 4237 1719 4296 Franeie
1746 4238 1981 4299 illustri.
2028 4240 2113 4299 De
2143 4240 2359 4300 eodem.
2908 4246 3036 4301 44¹7

592 4381 627 4411 ‚,
720 4342 823 4402 23.
1001 4384 1035 4414 „
1216 4343 1416 4402 Nobili
1457 4344 1584 4405 viro
1616 4345 1931 4407 Guillelmo
1976 4348 2046 4406 de
2076 4348 2261 4407 Massa
2289 4348 2556 4407 Firmane
2586 4347 2730 4409 dioc.
2768 4348 3039 4425 spiritum

866 4429 1095 4490 consilii
1107 4433 1363 4491 sanioris.
1397 4433 1474 4492 Ut
1487 4434 1886 4512 Maynardum,
1919 4436 2189 4496 comitem
2207 4437 2278 4496 de
2293 4436 2531 4516 Panig0‚
2562 4439 2668 4514 qui
2681 4456 2789 4516 pro
2807 4437 3039 4498 eeclesia
