<?xml version="1.0" encoding="UTF-8"?>
<!DOCTYPE html PUBLIC "-//W3C//DTD XHTML 1.0 Transitional//EN"
    "http://www.w3.org/TR/xhtml1/DTD/xhtml1-transitional.dtd">
<html xmlns="http://www.w3.org/1999/xhtml" xml:lang="en" lang="en">
 <head>
  <title>
</title>
<meta http-equiv="Content-Type" content="text/html;charset=utf-8" />
  <meta name='ocr-system' content='tesseract 3.04.00' />
  <meta name='ocr-capabilities' content='ocr_page ocr_carea ocr_par ocr_line ocrx_word'/>
</head>
<body>
  <div class='ocr_page' id='page_1' title='image "analectavatican01possgoog_0161.png"; bbox 0 0 3292 5100; ppageno 0'>
   <div class='ocr_carea' id='block_1_1' title="bbox 2637 474 2759 535">
    <p class='ocr_par' dir='ltr' id='par_1_1' title="bbox 2637 474 2759 535">
     <span class='ocr_line' id='line_1_1' title="bbox 2637 474 2759 535; baseline 0 0"><span class='ocrx_word' id='word_1_1' title='bbox 2637 474 2759 535; x_wconf 88' lang='lat'>131</span> 
     </span>
    </p>
   </div>
   <div class='ocr_carea' id='block_1_2' title="bbox 252 632 2769 1979">
    <p class='ocr_par' dir='ltr' id='par_1_2' title="bbox 252 632 2766 1082">
     <span class='ocr_line' id='line_1_2' title="bbox 252 632 2763 725; baseline -0.004 -19"><span class='ocrx_word' id='word_1_2' title='bbox 252 643 412 706; x_wconf 90' lang='lat' dir='ltr'>tans</span> <span class='ocrx_word' id='word_1_3' title='bbox 460 642 577 705; x_wconf 88' lang='lat' dir='ltr'>etc.</span> <span class='ocrx_word' id='word_1_4' title='bbox 625 663 827 725; x_wconf 88' lang='lat' dir='ltr'>usque</span> <span class='ocrx_word' id='word_1_5' title='bbox 875 638 1244 724; x_wconf 91' lang='lat' dir='ltr'>deputando</span> <span class='ocrx_word' id='word_1_6' title='bbox 1291 638 1459 702; x_wconf 83' lang='lat' dir='ltr'>viros</span> <span class='ocrx_word' id='word_1_7' title='bbox 1505 637 1754 701; x_wconf 90' lang='lat' dir='ltr'>nobiles</span> <span class='ocrx_word' id='word_1_8' title='bbox 1802 635 2070 700; x_wconf 83' lang='lat' dir='ltr'>diversis</span> <span class='ocrx_word' id='word_1_9' title='bbox 2117 634 2362 698; x_wconf 89' lang='lat' dir='ltr'>meritis</span> <span class='ocrx_word' id='word_1_10' title='bbox 2409 632 2763 718; x_wconf 85' lang='lat' dir='ltr'>precellen-</span> 
     </span>
     <span class='ocr_line' id='line_1_3' title="bbox 253 722 2766 815; baseline -0.004 -20"><span class='ocrx_word' id='word_1_11' title='bbox 253 733 386 808; x_wconf 85' lang='lat' dir='ltr'>teS‚</span> <span class='ocrx_word' id='word_1_12' title='bbox 449 730 562 815; x_wconf 91' lang='lat' dir='ltr'>qui</span> <span class='ocrx_word' id='word_1_13' title='bbox 622 730 799 794; x_wconf 89' lang='lat' dir='ltr'>sanis</span> <span class='ocrx_word' id='word_1_14' title='bbox 861 733 976 793; x_wconf 90' lang='lat' dir='ltr'>etc.</span> <span class='ocrx_word' id='word_1_15' title='bbox 1036 729 1247 793; x_wconf 86' lang='lat' dir='ltr'>verbis</span> <span class='ocrx_word' id='word_1_16' title='bbox 1307 730 1746 811; x_wconf 88' lang='lat' dir='ltr'>competenter</span> <span class='ocrx_word' id='word_1_17' title='bbox 1806 725 2072 789; x_wconf 88' lang='lat' dir='ltr'>mutatis</span> <span class='ocrx_word' id='word_1_18' title='bbox 2137 745 2339 808; x_wconf 91' lang='lat' dir='ltr'>usque</span> <span class='ocrx_word' id='word_1_19' title='bbox 2404 722 2766 787; x_wconf 85' lang='lat' dir='ltr'>animarum</span> 
     </span>
     <span class='ocr_line' id='line_1_4' title="bbox 254 809 2763 900; baseline -0.004 -16"><span class='ocrx_word' id='word_1_20' title='bbox 254 822 620 884; x_wconf 83' lang='lat' dir='ltr'>vestrarum</span> <span class='ocrx_word' id='word_1_21' title='bbox 664 818 995 883; x_wconf 89' lang='lat' dir='ltr'>humiliter</span> <span class='ocrx_word' id='word_1_22' title='bbox 1040 817 1397 882; x_wconf 90' lang='lat' dir='ltr'>intendatis</span> <span class='ocrx_word' id='word_1_23' title='bbox 1446 819 1560 881; x_wconf 88' lang='lat' dir='ltr'>etc.</span> <span class='ocrx_word' id='word_1_24' title='bbox 1607 837 1810 900; x_wconf 91' lang='lat' dir='ltr'>usque</span> <span class='ocrx_word' id='word_1_25' title='bbox 1856 812 2270 892; x_wconf 82' lang='lat' dir='ltr'>observandO,</span> <span class='ocrx_word' id='word_1_26' title='bbox 2333 814 2427 877; x_wconf 85' lang='lat' dir='ltr'>ita</span> <span class='ocrx_word' id='word_1_27' title='bbox 2473 809 2645 897; x_wconf 90' lang='lat' dir='ltr'>quod</span> <span class='ocrx_word' id='word_1_28' title='bbox 2690 811 2763 875; x_wconf 90' lang='lat' dir='ltr'>in</span> 
     </span>
     <span class='ocr_line' id='line_1_5' title="bbox 254 902 2762 991; baseline -0.004 -18"><span class='ocrx_word' id='word_1_29' title='bbox 254 908 439 973; x_wconf 87' lang='lat' dir='ltr'>vobis</span> <span class='ocrx_word' id='word_1_30' title='bbox 487 908 847 973; x_wconf 86' lang='lat' dir='ltr'>devotionis</span> <span class='ocrx_word' id='word_1_31' title='bbox 892 908 1254 991; x_wconf 84' lang='lat' dir='ltr'>repperisse</span> <span class='ocrx_word' id='word_1_32' title='bbox 1300 906 1464 971; x_wconf 91' lang='lat' dir='ltr'>filios</span> <span class='ocrx_word' id='word_1_33' title='bbox 1513 905 1636 970; x_wconf 92' lang='lat' dir='ltr'>sibi</span> <span class='ocrx_word' id='word_1_34' title='bbox 1681 905 1971 969; x_wconf 86' lang='lat' dir='ltr'>vertatur</span> <span class='ocrx_word' id='word_1_35' title='bbox 2015 903 2087 967; x_wconf 94' lang='lat' dir='ltr'>in</span> <span class='ocrx_word' id='word_1_36' title='bbox 2134 902 2472 987; x_wconf 90' lang='lat' dir='ltr'>gaudium,</span> <span class='ocrx_word' id='word_1_37' title='bbox 2539 903 2606 965; x_wconf 89' lang='lat' dir='ltr'>et</span> <span class='ocrx_word' id='word_1_38' title='bbox 2649 921 2762 965; x_wconf 86' lang='lat' dir='ltr'>vos</span> 
     </span>
     <span class='ocr_line' id='line_1_6' title="bbox 252 992 2521 1082; baseline -0.003 -20"><span class='ocrx_word' id='word_1_39' title='bbox 252 998 328 1062; x_wconf 90' lang='lat' dir='ltr'>in</span> <span class='ocrx_word' id='word_1_40' title='bbox 375 1018 452 1062; x_wconf 90' lang='lat' dir='ltr'>eo</span> <span class='ocrx_word' id='word_1_41' title='bbox 497 1001 751 1082; x_wconf 89' lang='lat' dir='ltr'>patrem</span> <span class='ocrx_word' id='word_1_42' title='bbox 796 997 1090 1063; x_wconf 90' lang='lat' dir='ltr'>habeatis</span> <span class='ocrx_word' id='word_1_43' title='bbox 1139 996 1391 1062; x_wconf 85' lang='lat' dir='ltr'>assidue</span> <span class='ocrx_word' id='word_1_44' title='bbox 1438 994 1815 1082; x_wconf 87' lang='lat' dir='ltr'>gratiosum.</span> <span class='ocrx_word' id='word_1_45' title='bbox 1907 992 2148 1057; x_wconf 91' lang='lat' dir='ltr'>Datum</span> <span class='ocrx_word' id='word_1_46' title='bbox 2192 995 2267 1056; x_wconf 93' lang='lat' dir='ltr'>ut</span> <span class='ocrx_word' id='word_1_47' title='bbox 2312 1013 2521 1077; x_wconf 89' lang='lat' dir='ltr'>supra.</span> 
     </span>
    </p>

    <p class='ocr_par' dir='ltr' id='par_1_3' title="bbox 253 1081 2769 1979">
     <span class='ocr_line' id='line_1_7' title="bbox 436 1081 2763 1152; baseline -0.003 0"><span class='ocrx_word' id='word_1_48' title='bbox 436 1089 518 1152; x_wconf 94' lang='lat' dir='ltr'>In</span> <span class='ocrx_word' id='word_1_49' title='bbox 582 1087 805 1152; x_wconf 91' lang='lat' dir='ltr'>eodem</span> <span class='ocrx_word' id='word_1_50' title='bbox 867 1086 1055 1151; x_wconf 95' lang='lat' dir='ltr'>modo</span> <span class='ocrx_word' id='word_1_51' title='bbox 1124 1086 1445 1150; x_wconf 87' lang='lat' dir='ltr'>nobilibus</span> <span class='ocrx_word' id='word_1_52' title='bbox 1502 1084 1664 1149; x_wconf 45' lang='lat' dir='ltr'>¹viris</span> <span class='ocrx_word' id='word_1_53' title='bbox 1728 1083 2045 1148; x_wconf 85' lang='lat' dir='ltr'>universis</span> <span class='ocrx_word' id='word_1_54' title='bbox 2109 1081 2636 1147; x_wconf 76' lang='lat' dir='ltr'>ministerialibus</span> <span class='ocrx_word' id='word_1_55' title='bbox 2698 1082 2763 1143; x_wconf 91' lang='lat' dir='ltr'>et</span> 
     </span>
     <span class='ocr_line' id='line_1_8' title="bbox 253 1170 2764 1259; baseline -0.004 -16"><span class='ocrx_word' id='word_1_56' title='bbox 253 1177 553 1243; x_wconf 83' lang='lat' dir='ltr'>vassallis</span> <span class='ocrx_word' id='word_1_57' title='bbox 597 1175 995 1242; x_wconf 83' lang='lat' dir='ltr'>Coloniensis</span> <span class='ocrx_word' id='word_1_58' title='bbox 1045 1176 1321 1240; x_wconf 84' lang='lat' dir='ltr'>ecclesie.</span> <span class='ocrx_word' id='word_1_59' title='bbox 1399 1174 1711 1240; x_wconf 90' lang='lat' dir='ltr'>Plantans</span> <span class='ocrx_word' id='word_1_60' title='bbox 1769 1176 1883 1243; x_wconf 87' lang='lat' dir='ltr'>etc.</span> <span class='ocrx_word' id='word_1_61' title='bbox 1929 1194 2130 1259; x_wconf 76' lang='lat' dir='ltr'>usque</span> <span class='ocrx_word' id='word_1_62' title='bbox 2178 1171 2547 1256; x_wconf 90' lang='lat' dir='ltr'>deputando</span> <span class='ocrx_word' id='word_1_63' title='bbox 2592 1170 2764 1234; x_wconf 86' lang='lat' dir='ltr'>viros</span> 
     </span>
     <span class='ocr_line' id='line_1_9' title="bbox 253 1260 2768 1349; baseline -0.004 -17"><span class='ocrx_word' id='word_1_64' title='bbox 253 1266 509 1332; x_wconf 88' lang='lat' dir='ltr'>nobiles</span> <span class='ocrx_word' id='word_1_65' title='bbox 570 1266 841 1331; x_wconf 86' lang='lat' dir='ltr'>diversis</span> <span class='ocrx_word' id='word_1_66' title='bbox 905 1266 1152 1329; x_wconf 86' lang='lat' dir='ltr'>meritis</span> <span class='ocrx_word' id='word_1_67' title='bbox 1211 1264 1631 1349; x_wconf 77' lang='lat' dir='ltr'>precellentes</span> <span class='ocrx_word' id='word_1_68' title='bbox 1649 1314 1663 1341; x_wconf 94' lang='lat'>,</span> <span class='ocrx_word' id='word_1_69' title='bbox 1725 1264 1836 1348; x_wconf 91' lang='lat' dir='ltr'>qui</span> <span class='ocrx_word' id='word_1_70' title='bbox 1896 1262 2070 1326; x_wconf 87' lang='lat' dir='ltr'>sanis</span> <span class='ocrx_word' id='word_1_71' title='bbox 2131 1265 2246 1326; x_wconf 91' lang='lat' dir='ltr'>etc.</span> <span class='ocrx_word' id='word_1_72' title='bbox 2307 1264 2381 1325; x_wconf 92' lang='lat' dir='ltr'>ut</span> <span class='ocrx_word' id='word_1_73' title='bbox 2441 1261 2512 1324; x_wconf 93' lang='lat' dir='ltr'>in</span> <span class='ocrx_word' id='word_1_74' title='bbox 2558 1260 2768 1344; x_wconf 88' lang='lat' dir='ltr'>prima</span> 
     </span>
     <span class='ocr_line' id='line_1_10' title="bbox 253 1351 2767 1440; baseline -0.003 -19"><span class='ocrx_word' id='word_1_75' title='bbox 253 1356 472 1421; x_wconf 83' lang='lat' dir='ltr'>verbis</span> <span class='ocrx_word' id='word_1_76' title='bbox 536 1359 975 1440; x_wconf 89' lang='lat' dir='ltr'>competenter</span> <span class='ocrx_word' id='word_1_77' title='bbox 1037 1355 1304 1419; x_wconf 90' lang='lat' dir='ltr'>mutatis</span> <span class='ocrx_word' id='word_1_78' title='bbox 1370 1376 1571 1438; x_wconf 88' lang='lat' dir='ltr'>usque</span> <span class='ocrx_word' id='word_1_79' title='bbox 1635 1353 1947 1416; x_wconf 89' lang='lat' dir='ltr'>honorem</span> <span class='ocrx_word' id='word_1_80' title='bbox 2008 1351 2083 1428; x_wconf 90' lang='lat' dir='ltr'>ei,</span> <span class='ocrx_word' id='word_1_81' title='bbox 2159 1354 2491 1435; x_wconf 89' lang='lat' dir='ltr'>tamquam</span> <span class='ocrx_word' id='word_1_82' title='bbox 2553 1351 2767 1414; x_wconf 87' lang='lat' dir='ltr'>vestro</span> 
     </span>
     <span class='ocr_line' id='line_1_11' title="bbox 254 1439 2767 1531; baseline -0.004 -21"><span class='ocrx_word' id='word_1_83' title='bbox 254 1445 520 1510; x_wconf 90' lang='lat' dir='ltr'>domino</span> <span class='ocrx_word' id='word_1_84' title='bbox 549 1445 906 1529; x_wconf 90' lang='lat' dir='ltr'>temporali,</span> <span class='ocrx_word' id='word_1_85' title='bbox 945 1445 1319 1531; x_wconf 83' lang='lat' dir='ltr'>homagium</span> <span class='ocrx_word' id='word_1_86' title='bbox 1352 1446 1417 1507; x_wconf 92' lang='lat' dir='ltr'>et</span> <span class='ocrx_word' id='word_1_87' title='bbox 1439 1445 1884 1528; x_wconf 89' lang='lat' dir='ltr'>juramentum</span> <span class='ocrx_word' id='word_1_88' title='bbox 1921 1440 2249 1505; x_wconf 88' lang='lat' dir='ltr'>fidelitatis</span> <span class='ocrx_word' id='word_1_89' title='bbox 2281 1440 2493 1504; x_wconf 88' lang='lat' dir='ltr'>debite</span> <span class='ocrx_word' id='word_1_90' title='bbox 2527 1439 2767 1522; x_wconf 87' lang='lat' dir='ltr'>absque</span> 
     </span>
     <span class='ocr_line' id='line_1_12' title="bbox 255 1527 2766 1619; baseline -0.003 -20"><span class='ocrx_word' id='word_1_91' title='bbox 255 1535 639 1600; x_wconf 87' lang='lat' dir='ltr'>difficultate</span> <span class='ocrx_word' id='word_1_92' title='bbox 687 1535 975 1619; x_wconf 89' lang='lat' dir='ltr'>qualibet</span> <span class='ocrx_word' id='word_1_93' title='bbox 1018 1533 1434 1618; x_wconf 80' lang='lat' dir='ltr'>impendatiS,</span> <span class='ocrx_word' id='word_1_94' title='bbox 1494 1532 1699 1617; x_wconf 90' lang='lat' dir='ltr'>ipsius</span> <span class='ocrx_word' id='word_1_95' title='bbox 1746 1532 1962 1596; x_wconf 90' lang='lat' dir='ltr'>debita</span> <span class='ocrx_word' id='word_1_96' title='bbox 2008 1530 2318 1595; x_wconf 89' lang='lat' dir='ltr'>mandata</span> <span class='ocrx_word' id='word_1_97' title='bbox 2360 1527 2766 1615; x_wconf 90' lang='lat' dir='ltr'>suscipiendo</span> 
     </span>
     <span class='ocr_line' id='line_1_13' title="bbox 255 1618 2768 1706; baseline -0.003 -17"><span class='ocrx_word' id='word_1_98' title='bbox 255 1625 491 1689; x_wconf 82' lang='lat' dir='ltr'>devote</span> <span class='ocrx_word' id='word_1_99' title='bbox 553 1647 625 1689; x_wconf 90' lang='lat' dir='ltr'>ac</span> <span class='ocrx_word' id='word_1_100' title='bbox 684 1623 1017 1689; x_wconf 90' lang='lat' dir='ltr'>humiliter</span> <span class='ocrx_word' id='word_1_101' title='bbox 1062 1623 1476 1690; x_wconf 81' lang='lat' dir='ltr'>observando,</span> <span class='ocrx_word' id='word_1_102' title='bbox 1572 1622 1881 1706; x_wconf 90' lang='lat' dir='ltr'>Alioquin</span> <span class='ocrx_word' id='word_1_103' title='bbox 1929 1620 2338 1698; x_wconf 89' lang='lat' dir='ltr'>sententiam,</span> <span class='ocrx_word' id='word_1_104' title='bbox 2387 1641 2580 1703; x_wconf 92' lang='lat' dir='ltr'>quam</span> <span class='ocrx_word' id='word_1_105' title='bbox 2626 1618 2768 1701; x_wconf 90' lang='lat' dir='ltr'>ipse</span> 
     </span>
     <span class='ocr_line' id='line_1_14' title="bbox 257 1709 2769 1800; baseline -0.003 -21"><span class='ocrx_word' id='word_1_106' title='bbox 257 1718 528 1800; x_wconf 90' lang='lat' dir='ltr'>propter</span> <span class='ocrx_word' id='word_1_107' title='bbox 573 1714 693 1779; x_wconf 89' lang='lat' dir='ltr'>hoc</span> <span class='ocrx_word' id='word_1_108' title='bbox 737 1715 860 1778; x_wconf 89' lang='lat' dir='ltr'>rite</span> <span class='ocrx_word' id='word_1_109' title='bbox 907 1714 1133 1779; x_wconf 89' lang='lat' dir='ltr'>tulerit</span> <span class='ocrx_word' id='word_1_110' title='bbox 1177 1714 1248 1778; x_wconf 91' lang='lat' dir='ltr'>in</span> <span class='ocrx_word' id='word_1_111' title='bbox 1307 1713 1578 1777; x_wconf 87' lang='lat' dir='ltr'>rebelles</span> <span class='ocrx_word' id='word_1_112' title='bbox 1627 1714 1696 1776; x_wconf 91' lang='lat' dir='ltr'>et</span> <span class='ocrx_word' id='word_1_113' title='bbox 1741 1734 1995 1795; x_wconf 90' lang='lat' dir='ltr'>penam,</span> <span class='ocrx_word' id='word_1_114' title='bbox 2042 1712 2144 1776; x_wconf 93' lang='lat' dir='ltr'>cui</span> <span class='ocrx_word' id='word_1_115' title='bbox 2192 1709 2637 1793; x_wconf 88' lang='lat' dir='ltr'>temporaliter</span> <span class='ocrx_word' id='word_1_116' title='bbox 2696 1728 2769 1771; x_wconf 88' lang='lat' dir='ltr'>ac</span> 
     </span>
     <span class='ocr_line' id='line_1_15' title="bbox 258 1799 2768 1885; baseline -0.002 -17"><span class='ocrx_word' id='word_1_117' title='bbox 258 1805 476 1869; x_wconf 90' lang='lat' dir='ltr'>debite</span> <span class='ocrx_word' id='word_1_118' title='bbox 540 1804 877 1869; x_wconf 90' lang='lat' dir='ltr'>submittet</span> <span class='ocrx_word' id='word_1_119' title='bbox 942 1804 1227 1883; x_wconf 89' lang='lat' dir='ltr'>eosdem,</span> <span class='ocrx_word' id='word_1_120' title='bbox 1291 1805 1467 1868; x_wconf 89' lang='lat' dir='ltr'>ratas</span> <span class='ocrx_word' id='word_1_121' title='bbox 1531 1802 1912 1867; x_wconf 89' lang='lat' dir='ltr'>habebimus</span> <span class='ocrx_word' id='word_1_122' title='bbox 1977 1804 2092 1866; x_wconf 88' lang='lat' dir='ltr'>etc.</span> <span class='ocrx_word' id='word_1_123' title='bbox 2157 1822 2360 1885; x_wconf 89' lang='lat' dir='ltr'>usque</span> <span class='ocrx_word' id='word_1_124' title='bbox 2426 1799 2768 1863; x_wconf 83' lang='lat' dir='ltr'>observari.</span> 
     </span>
     <span class='ocr_line' id='line_1_16' title="bbox 258 1895 883 1979; baseline 0 -20"><span class='ocrx_word' id='word_1_125' title='bbox 258 1895 505 1959; x_wconf 90' lang='lat' dir='ltr'>Datum</span> <span class='ocrx_word' id='word_1_126' title='bbox 550 1896 625 1958; x_wconf 93' lang='lat' dir='ltr'>ut</span> <span class='ocrx_word' id='word_1_127' title='bbox 670 1909 883 1979; x_wconf 87' lang='lat' dir='ltr'>supra.</span> 
     </span>
    </p>
   </div>
   <div class='ocr_carea' id='block_1_3' title="bbox 1467 2108 1565 2172">
    <p class='ocr_par' dir='ltr' id='par_1_4' title="bbox 1467 2108 1565 2172">
     <span class='ocr_line' id='line_1_17' title="bbox 1467 2108 1565 2172; baseline 0 0"><span class='ocrx_word' id='word_1_128' title='bbox 1467 2108 1565 2172; x_wconf 93' lang='lat'>11.</span> 
     </span>
    </p>
   </div>
   <div class='ocr_carea' id='block_1_4' title="bbox 258 2248 2772 2555">
    <p class='ocr_par' dir='ltr' id='par_1_5' title="bbox 258 2248 2772 2555">
     <span class='ocr_line' id='line_1_18' title="bbox 451 2248 2767 2336; baseline -0.002 -19"><span class='ocrx_word' id='word_1_129' title='bbox 451 2253 752 2318; x_wconf 68' lang='lat' dir='ltr'>Urbanus</span> <span class='ocrx_word' id='word_1_130' title='bbox 782 2252 907 2320; x_wconf 88' lang='lat' dir='ltr'>IV.</span> <span class='ocrx_word' id='word_1_131' title='bbox 955 2254 1290 2336; x_wconf 73' lang='lat' dir='ltr'>confirmat</span> <span class='ocrx_word' id='word_1_132' title='bbox 1331 2252 1510 2318; x_wconf 80' lang='lat' dir='ltr'>electo</span> <span class='ocrx_word' id='word_1_133' title='bbox 1558 2252 2006 2317; x_wconf 75' lang='lat' dir='ltr'>Ebredunemi</span> <span class='ocrx_word' id='word_1_134' title='bbox 2052 2253 2417 2316; x_wconf 72' lang='lat' dir='ltr'>donationes</span> <span class='ocrx_word' id='word_1_135' title='bbox 2462 2259 2521 2314; x_wconf 82' lang='lat' dir='ltr'>et</span> <span class='ocrx_word' id='word_1_136' title='bbox 2556 2248 2767 2334; x_wconf 51' lang='lat' dir='ltr'>privin-</span> 
     </span>
     <span class='ocr_line' id='line_1_19' title="bbox 258 2351 2772 2446; baseline -0.001 -20"><span class='ocrx_word' id='word_1_137' title='bbox 258 2362 428 2446; x_wconf 73' lang='lat' dir='ltr'>leqia</span> <span class='ocrx_word' id='word_1_138' title='bbox 446 2409 464 2435; x_wconf 86' lang='lat'>,</span> <span class='ocrx_word' id='word_1_139' title='bbox 515 2362 706 2445; x_wconf 75' lang='lat' dir='ltr'>facta</span> <span class='ocrx_word' id='word_1_140' title='bbox 749 2384 793 2425; x_wconf 89' lang='lat' dir='ltr'>a</span> <span class='ocrx_word' id='word_1_141' title='bbox 854 2360 1162 2425; x_wconf 77' lang='lat' dir='ltr'>Wllelmo</span> <span class='ocrx_word' id='word_1_142' title='bbox 1225 2381 1367 2446; x_wconf 64' lang='grc' dir='ltr'>φερε</span> <span class='ocrx_word' id='word_1_143' title='bbox 1428 2362 1893 2428; x_wconf 73' lang='lat' dir='ltr'>Romanorum.</span> <span class='ocrx_word' id='word_1_144' title='bbox 1957 2361 2034 2444; x_wconf 84' lang='lat' dir='ltr'>cf.</span> <span class='ocrx_word' id='word_1_145' title='bbox 2098 2357 2219 2423; x_wconf 87' lang='lat' dir='ltr'>Nr.</span> <span class='ocrx_word' id='word_1_146' title='bbox 2280 2361 2431 2427; x_wconf 81' lang='lat'><strong><em>213.</em></strong></span> <span class='ocrx_word' id='word_1_147' title='bbox 2520 2351 2772 2441; x_wconf 74' lang='lat' dir='ltr'>Apud</span> 
     </span>
     <span class='ocr_line' id='line_1_20' title="bbox 275 2468 1699 2555; baseline -0.002 -18"><span class='ocrx_word' id='word_1_148' title='bbox 275 2469 568 2555; x_wconf 74' lang='lat' dir='ltr'>Urbem</span> <span class='ocrx_word' id='word_1_149' title='bbox 611 2475 990 2551; x_wconf 75' lang='lat' dir='ltr'>veterem,</span> <span class='ocrx_word' id='word_1_150' title='bbox 1035 2468 1248 2536; x_wconf 75' lang='lat'><strong><em>1263</em></strong></span> <span class='ocrx_word' id='word_1_151' title='bbox 1290 2468 1522 2535; x_wconf 69' lang='lat' dir='ltr'>Mr.</span> <span class='ocrx_word' id='word_1_152' title='bbox 1568 2469 1699 2535; x_wconf 85' lang='lat'>13.</span> 
     </span>
    </p>
   </div>
   <div class='ocr_carea' id='block_1_5' title="bbox 202 2611 2832 4579">
    <p class='ocr_par' dir='ltr' id='par_1_6' title="bbox 202 2611 2832 4579">
     <span class='ocr_line' id='line_1_21' title="bbox 441 2611 2765 2696; baseline 0.001 -20"><span class='ocrx_word' id='word_1_153' title='bbox 441 2612 658 2677; x_wconf 85' lang='lat' dir='ltr'>Electo</span> <span class='ocrx_word' id='word_1_154' title='bbox 704 2612 1167 2677; x_wconf 85' lang='lat' dir='ltr'>Ebredunensi.</span> <span class='ocrx_word' id='word_1_155' title='bbox 1270 2612 1546 2677; x_wconf 87' lang='lat' dir='ltr'>Ecclesie</span> <span class='ocrx_word' id='word_1_156' title='bbox 1606 2615 1717 2676; x_wconf 89' lang='lat' dir='ltr'>tue</span> <span class='ocrx_word' id='word_1_157' title='bbox 1762 2612 2154 2695; x_wconf 72' lang='lat' dir='ltr'>profectibus</span> <span class='ocrx_word' id='word_1_158' title='bbox 2201 2611 2490 2696; x_wconf 89' lang='lat' dir='ltr'>paternis</span> <span class='ocrx_word' id='word_1_159' title='bbox 2537 2611 2765 2679; x_wconf 77' lang='lat' dir='ltr'>studiis</span> 
     </span>
     <span class='ocr_line' id='line_1_22' title="bbox 259 2700 2767 2786; baseline -0.001 -19"><span class='ocrx_word' id='word_1_160' title='bbox 259 2701 681 2767; x_wconf 84' lang='lat' dir='ltr'>intendentes</span> <span class='ocrx_word' id='word_1_161' title='bbox 698 2753 713 2781; x_wconf 93' lang='lat'>,</span> <span class='ocrx_word' id='word_1_162' title='bbox 774 2703 938 2766; x_wconf 89' lang='lat' dir='ltr'>circa</span> <span class='ocrx_word' id='word_1_163' title='bbox 1001 2703 1470 2786; x_wconf 68' lang='lat' dir='ltr'>promotionem</span> <span class='ocrx_word' id='word_1_164' title='bbox 1531 2724 1750 2766; x_wconf 89' lang='lat' dir='ltr'>eorum</span> <span class='ocrx_word' id='word_1_165' title='bbox 1810 2722 1885 2764; x_wconf 89' lang='lat' dir='ltr'>eo</span> <span class='ocrx_word' id='word_1_166' title='bbox 1948 2700 2256 2766; x_wconf 91' lang='lat' dir='ltr'>libentius</span> <span class='ocrx_word' id='word_1_167' title='bbox 2323 2702 2388 2765; x_wconf 92' lang='lat' dir='ltr'>et</span> <span class='ocrx_word' id='word_1_168' title='bbox 2452 2701 2767 2768; x_wconf 87' lang='lat' dir='ltr'>efficacius</span> 
     </span>
     <span class='ocr_line' id='line_1_23' title="bbox 261 2790 2771 2879; baseline -0.001 -23"><span class='ocrx_word' id='word_1_169' title='bbox 261 2813 529 2875; x_wconf 89' lang='lat' dir='ltr'>operam</span> <span class='ocrx_word' id='word_1_170' title='bbox 574 2792 997 2876; x_wconf 79' lang='lat' dir='ltr'>impertimur,</span> <span class='ocrx_word' id='word_1_171' title='bbox 1045 2814 1169 2875; x_wconf 91' lang='lat' dir='ltr'>quo</span> <span class='ocrx_word' id='word_1_172' title='bbox 1203 2814 1547 2875; x_wconf 89' lang='lat' dir='ltr'>personam</span> <span class='ocrx_word' id='word_1_173' title='bbox 1578 2794 1759 2855; x_wconf 91' lang='lat' dir='ltr'>tuam</span> <span class='ocrx_word' id='word_1_174' title='bbox 1789 2790 2019 2873; x_wconf 86' lang='lat' dir='ltr'>majori</span> <span class='ocrx_word' id='word_1_175' title='bbox 2063 2791 2510 2875; x_wconf 90' lang='lat' dir='ltr'>prosequimur</span> <span class='ocrx_word' id='word_1_176' title='bbox 2556 2791 2771 2879; x_wconf 88' lang='lat' dir='ltr'>gratia</span> 
     </span>
     <span class='ocr_line' id='line_1_24' title="bbox 260 2880 2773 2967; baseline -0 -23"><span class='ocrx_word' id='word_1_177' title='bbox 260 2881 571 2945; x_wconf 82' lang='lat' dir='ltr'>caritatis,</span> <span class='ocrx_word' id='word_1_178' title='bbox 667 2881 825 2946; x_wconf 84' lang='lat' dir='ltr'>Cum</span> <span class='ocrx_word' id='word_1_179' title='bbox 873 2881 1047 2945; x_wconf 89' lang='lat' dir='ltr'>enim</span> <span class='ocrx_word' id='word_1_180' title='bbox 1094 2881 1395 2967; x_wconf 85' lang='lat' dir='ltr'>gratiosis</span> <span class='ocrx_word' id='word_1_181' title='bbox 1427 2882 1557 2945; x_wconf 89' lang='lat' dir='ltr'>tuis</span> <span class='ocrx_word' id='word_1_182' title='bbox 1598 2881 2008 2966; x_wconf 85' lang='lat' dir='ltr'>exigentibus</span> <span class='ocrx_word' id='word_1_183' title='bbox 2056 2880 2303 2945; x_wconf 90' lang='lat' dir='ltr'>meritis</span> <span class='ocrx_word' id='word_1_184' title='bbox 2352 2882 2773 2966; x_wconf 90' lang='lat' dir='ltr'>apostolicum</span> 
     </span>
     <span class='ocr_line' id='line_1_25' title="bbox 262 2969 2773 3055; baseline 0 -22"><span class='ocrx_word' id='word_1_185' title='bbox 262 2971 554 3035; x_wconf 81' lang='lat' dir='ltr'>favorem</span> <span class='ocrx_word' id='word_1_186' title='bbox 598 2970 719 3035; x_wconf 89' lang='lat' dir='ltr'>tibi</span> <span class='ocrx_word' id='word_1_187' title='bbox 764 2970 1208 3054; x_wconf 89' lang='lat' dir='ltr'>multipliciter</span> <span class='ocrx_word' id='word_1_188' title='bbox 1251 2970 1622 3036; x_wconf 85' lang='lat' dir='ltr'>vendicasse</span> <span class='ocrx_word' id='word_1_189' title='bbox 1670 2969 1954 3035; x_wconf 90' lang='lat' dir='ltr'>noscaris</span> <span class='ocrx_word' id='word_1_190' title='bbox 2002 2973 2070 3034; x_wconf 91' lang='lat' dir='ltr'>et</span> <span class='ocrx_word' id='word_1_191' title='bbox 2115 2969 2273 3035; x_wconf 91' lang='lat' dir='ltr'>alias</span> <span class='ocrx_word' id='word_1_192' title='bbox 2319 2971 2392 3034; x_wconf 93' lang='lat' dir='ltr'>in</span> <span class='ocrx_word' id='word_1_193' title='bbox 2430 2973 2773 3055; x_wconf 90' lang='lat' dir='ltr'>conspectu</span> 
     </span>
     <span class='ocr_line' id='line_1_26' title="bbox 202 3059 2774 3145; baseline -0.001 -21"><span class='ocrx_word' id='word_1_194' title='bbox 202 3067 226 3086; x_wconf 72' lang='lat'><em>⁶</em></span> <span class='ocrx_word' id='word_1_195' title='bbox 263 3062 493 3124; x_wconf 87' lang='lat' dir='ltr'>nostro</span> <span class='ocrx_word' id='word_1_196' title='bbox 541 3059 1084 3145; x_wconf 89' lang='lat' dir='ltr'>quamplurimum</span> <span class='ocrx_word' id='word_1_197' title='bbox 1128 3060 1426 3125; x_wconf 89' lang='lat' dir='ltr'>habearis</span> <span class='ocrx_word' id='word_1_198' title='bbox 1475 3063 1800 3144; x_wconf 89' lang='lat' dir='ltr'>acceptus,</span> <span class='ocrx_word' id='word_1_199' title='bbox 1848 3059 2196 3144; x_wconf 88' lang='lat' dir='ltr'>petitiones</span> <span class='ocrx_word' id='word_1_200' title='bbox 2243 3062 2388 3124; x_wconf 90' lang='lat' dir='ltr'>tuas</span> <span class='ocrx_word' id='word_1_201' title='bbox 2435 3062 2774 3144; x_wconf 84' lang='lat' dir='ltr'>gratanter</span> 
     </span>
     <span class='ocr_line' id='line_1_27' title="bbox 265 3149 2777 3235; baseline -0.001 -21"><span class='ocrx_word' id='word_1_202' title='bbox 265 3149 349 3214; x_wconf 89' lang='lat' dir='ltr'>ad</span> <span class='ocrx_word' id='word_1_203' title='bbox 399 3151 680 3235; x_wconf 88' lang='lat' dir='ltr'>gratiam</span> <span class='ocrx_word' id='word_1_204' title='bbox 727 3149 1155 3214; x_wconf 87' lang='lat' dir='ltr'>exauditionis</span> <span class='ocrx_word' id='word_1_205' title='bbox 1203 3150 1619 3228; x_wconf 79' lang='lat' dir='ltr'>admittimus,</span> <span class='ocrx_word' id='word_1_206' title='bbox 1667 3150 2007 3234; x_wconf 79' lang='lat' dir='ltr'>presertim</span> <span class='ocrx_word' id='word_1_207' title='bbox 2043 3150 2205 3229; x_wconf 86' lang='lat' dir='ltr'>illas,</span> <span class='ocrx_word' id='word_1_208' title='bbox 2253 3172 2376 3233; x_wconf 91' lang='lat' dir='ltr'>que</span> <span class='ocrx_word' id='word_1_209' title='bbox 2414 3149 2676 3215; x_wconf 88' lang='lat' dir='ltr'>honoris</span> <span class='ocrx_word' id='word_1_210' title='bbox 2710 3150 2777 3214; x_wconf 89' lang='lat' dir='ltr'>et</span> 
     </span>
     <span class='ocr_line' id='line_1_28' title="bbox 267 3238 2774 3323; baseline -0 -19"><span class='ocrx_word' id='word_1_211' title='bbox 267 3239 585 3304; x_wconf 91' lang='lat' dir='ltr'>commodi</span> <span class='ocrx_word' id='word_1_212' title='bbox 628 3240 725 3303; x_wconf 92' lang='lat' dir='ltr'>tui</span> <span class='ocrx_word' id='word_1_213' title='bbox 772 3242 837 3303; x_wconf 91' lang='lat' dir='ltr'>et</span> <span class='ocrx_word' id='word_1_214' title='bbox 883 3239 1169 3322; x_wconf 89' lang='lat' dir='ltr'>ejusdem</span> <span class='ocrx_word' id='word_1_215' title='bbox 1215 3239 1475 3305; x_wconf 91' lang='lat' dir='ltr'>ecclesie</span> <span class='ocrx_word' id='word_1_216' title='bbox 1520 3240 1875 3323; x_wconf 90' lang='lat' dir='ltr'>respiciunt</span> <span class='ocrx_word' id='word_1_217' title='bbox 1919 3240 2403 3304; x_wconf 89' lang='lat' dir='ltr'>incrementum.</span> <span class='ocrx_word' id='word_1_218' title='bbox 2496 3238 2662 3305; x_wconf 89' lang='lat' dir='ltr'>Sane</span> <span class='ocrx_word' id='word_1_219' title='bbox 2703 3239 2774 3303; x_wconf 91' lang='lat' dir='ltr'>in</span> 
     </span>
     <span class='ocr_line' id='line_1_29' title="bbox 267 3328 2773 3414; baseline -0 -20"><span class='ocrx_word' id='word_1_220' title='bbox 267 3331 493 3394; x_wconf 88' lang='lat' dir='ltr'>nostra</span> <span class='ocrx_word' id='word_1_221' title='bbox 537 3328 929 3414; x_wconf 87' lang='lat' dir='ltr'>proposuisti</span> <span class='ocrx_word' id='word_1_222' title='bbox 974 3329 1302 3413; x_wconf 89' lang='lat' dir='ltr'>presentia</span> <span class='ocrx_word' id='word_1_223' title='bbox 1347 3330 1765 3414; x_wconf 88' lang='lat' dir='ltr'>constitutus,</span> <span class='ocrx_word' id='word_1_224' title='bbox 1828 3330 1998 3414; x_wconf 87' lang='lat' dir='ltr'>quod</span> <span class='ocrx_word' id='word_1_225' title='bbox 2044 3330 2210 3394; x_wconf 88' lang='lat' dir='ltr'>clare</span> <span class='ocrx_word' id='word_1_226' title='bbox 2257 3329 2560 3394; x_wconf 89' lang='lat' dir='ltr'>memorie</span> <span class='ocrx_word' id='word_1_227' title='bbox 2606 3329 2773 3396; x_wconf 84' lang='lat' dir='ltr'>Wil-</span> 
     </span>
     <span class='ocr_line' id='line_1_30' title="bbox 266 3418 2774 3504; baseline 0 -21"><span class='ocrx_word' id='word_1_228' title='bbox 266 3419 518 3497; x_wconf 90' lang='lat' dir='ltr'>lelmus,</span> <span class='ocrx_word' id='word_1_229' title='bbox 564 3440 679 3482; x_wconf 86' lang='lat' dir='ltr'>rex</span> <span class='ocrx_word' id='word_1_230' title='bbox 723 3418 1172 3497; x_wconf 88' lang='lat' dir='ltr'>Romanorum,</span> <span class='ocrx_word' id='word_1_231' title='bbox 1221 3419 1565 3483; x_wconf 90' lang='lat' dir='ltr'>attendens</span> <span class='ocrx_word' id='word_1_232' title='bbox 1611 3421 1802 3503; x_wconf 91' lang='lat' dir='ltr'>grata</span> <span class='ocrx_word' id='word_1_233' title='bbox 1848 3419 2170 3503; x_wconf 87' lang='lat' dir='ltr'>obsequia,</span> <span class='ocrx_word' id='word_1_234' title='bbox 2218 3441 2340 3504; x_wconf 90' lang='lat' dir='ltr'>que</span> <span class='ocrx_word' id='word_1_235' title='bbox 2387 3419 2774 3484; x_wconf 83' lang='lat' dir='ltr'>venerabilis</span> 
     </span>
     <span class='ocr_line' id='line_1_31' title="bbox 265 3507 2774 3594; baseline 0 -23"><span class='ocrx_word' id='word_1_236' title='bbox 265 3509 472 3572; x_wconf 86' lang='lat' dir='ltr'>frater</span> <span class='ocrx_word' id='word_1_237' title='bbox 534 3510 771 3585; x_wconf 91' lang='lat' dir='ltr'>noster,</span> <span class='ocrx_word' id='word_1_238' title='bbox 838 3508 1153 3572; x_wconf 90' lang='lat' dir='ltr'>Henricus</span> <span class='ocrx_word' id='word_1_239' title='bbox 1220 3507 1537 3573; x_wconf 88' lang='lat' dir='ltr'>Ostiensis</span> <span class='ocrx_word' id='word_1_240' title='bbox 1606 3509 1941 3592; x_wconf 87' lang='lat' dir='ltr'>episcopus</span> <span class='ocrx_word' id='word_1_241' title='bbox 1962 3557 1977 3588; x_wconf 95' lang='lat'>,</span> <span class='ocrx_word' id='word_1_242' title='bbox 2041 3510 2198 3572; x_wconf 91' lang='lat' dir='ltr'>tunc</span> <span class='ocrx_word' id='word_1_243' title='bbox 2263 3508 2774 3594; x_wconf 86' lang='lat' dir='ltr'>archiepiscopus</span> 
     </span>
     <span class='ocr_line' id='line_1_32' title="bbox 267 3597 2777 3683; baseline -0 -21"><span class='ocrx_word' id='word_1_244' title='bbox 267 3597 766 3674; x_wconf 88' lang='lat' dir='ltr'>Ebredunensis,</span> <span class='ocrx_word' id='word_1_245' title='bbox 815 3599 1178 3662; x_wconf 88' lang='lat' dir='ltr'>antecessor</span> <span class='ocrx_word' id='word_1_246' title='bbox 1222 3599 1390 3674; x_wconf 92' lang='lat' dir='ltr'>tuus,</span> <span class='ocrx_word' id='word_1_247' title='bbox 1438 3597 1509 3661; x_wconf 89' lang='lat' dir='ltr'>in</span> <span class='ocrx_word' id='word_1_248' title='bbox 1556 3598 1688 3661; x_wconf 89' lang='lat' dir='ltr'>suis</span> <span class='ocrx_word' id='word_1_249' title='bbox 1722 3599 1786 3661; x_wconf 93' lang='lat' dir='ltr'>et</span> <span class='ocrx_word' id='word_1_250' title='bbox 1815 3597 2071 3681; x_wconf 89' lang='lat' dir='ltr'>imperii</span> <span class='ocrx_word' id='word_1_251' title='bbox 2101 3597 2382 3683; x_wconf 88' lang='lat' dir='ltr'>negotiis</span> <span class='ocrx_word' id='word_1_252' title='bbox 2424 3598 2777 3682; x_wconf 72' lang='lat' dir='ltr'>prudenter</span> 
     </span>
     <span class='ocr_line' id='line_1_33' title="bbox 271 3686 2773 3771; baseline 0 -21"><span class='ocrx_word' id='word_1_253' title='bbox 271 3688 339 3750; x_wconf 94' lang='grc'>615</span> <span class='ocrx_word' id='word_1_254' title='bbox 382 3686 657 3750; x_wconf 89' lang='lat' dir='ltr'>fideliter</span> <span class='ocrx_word' id='word_1_255' title='bbox 701 3686 1132 3770; x_wconf 85' lang='lat' dir='ltr'>impendebat,</span> <span class='ocrx_word' id='word_1_256' title='bbox 1171 3686 1498 3750; x_wconf 86' lang='lat' dir='ltr'>civitatem</span> <span class='ocrx_word' id='word_1_257' title='bbox 1543 3687 2086 3765; x_wconf 87' lang='lat' dir='ltr'>Ebredunensem,</span> <span class='ocrx_word' id='word_1_258' title='bbox 2134 3689 2359 3766; x_wconf 87' lang='lat' dir='ltr'>castra,</span> <span class='ocrx_word' id='word_1_259' title='bbox 2405 3687 2609 3766; x_wconf 86' lang='lat' dir='ltr'>villas,</span> <span class='ocrx_word' id='word_1_260' title='bbox 2657 3708 2773 3771; x_wconf 94' lang='lat' dir='ltr'>op-</span> 
     </span>
     <span class='ocr_line' id='line_1_34' title="bbox 268 3775 2832 3861; baseline 0 -22"><span class='ocrx_word' id='word_1_261' title='bbox 268 3775 439 3861; x_wconf 86' lang='lat' dir='ltr'>pida,</span> <span class='ocrx_word' id='word_1_262' title='bbox 486 3776 940 3860; x_wconf 83' lang='lat' dir='ltr'>possessioneS,</span> <span class='ocrx_word' id='word_1_263' title='bbox 989 3775 1197 3854; x_wconf 88' lang='lat' dir='ltr'>feuda,</span> <span class='ocrx_word' id='word_1_264' title='bbox 1246 3776 1524 3854; x_wconf 82' lang='lat' dir='ltr'>servitia,</span> <span class='ocrx_word' id='word_1_265' title='bbox 1572 3798 1818 3854; x_wconf 77' lang='lat' dir='ltr'>cenSUS,</span> <span class='ocrx_word' id='word_1_266' title='bbox 1866 3777 2239 3860; x_wconf 82' lang='lat' dir='ltr'>pensiones,</span> <span class='ocrx_word' id='word_1_267' title='bbox 2280 3776 2585 3860; x_wconf 86' lang='lat' dir='ltr'>justitias,</span> <span class='ocrx_word' id='word_1_268' title='bbox 2631 3776 2773 3841; x_wconf 87' lang='lat' dir='ltr'>lau·</span> <span class='ocrx_word' id='word_1_269' title='bbox 2803 3784 2832 3803; x_wconf 55' lang='lat'>*⁴</span> 
     </span>
     <span class='ocr_line' id='line_1_35' title="bbox 272 3864 2773 3951; baseline 0.001 -23"><span class='ocrx_word' id='word_1_270' title='bbox 272 3864 522 3943; x_wconf 89' lang='lat' dir='ltr'>dismia,</span> <span class='ocrx_word' id='word_1_271' title='bbox 568 3865 878 3950; x_wconf 87' lang='lat' dir='ltr'>pedagia,</span> <span class='ocrx_word' id='word_1_272' title='bbox 925 3865 1257 3943; x_wconf 87' lang='lat' dir='ltr'>tholonea,</span> <span class='ocrx_word' id='word_1_273' title='bbox 1298 3865 1477 3949; x_wconf 89' lang='lat' dir='ltr'>jura,</span> <span class='ocrx_word' id='word_1_274' title='bbox 1526 3865 1811 3930; x_wconf 89' lang='lat' dir='ltr'>dominia</span> <span class='ocrx_word' id='word_1_275' title='bbox 1859 3870 1924 3930; x_wconf 89' lang='lat' dir='ltr'>et</span> <span class='ocrx_word' id='word_1_276' title='bbox 1970 3867 2154 3951; x_wconf 90' lang='lat' dir='ltr'>quasi</span> <span class='ocrx_word' id='word_1_277' title='bbox 2201 3866 2485 3931; x_wconf 90' lang='lat' dir='ltr'>dominia</span> <span class='ocrx_word' id='word_1_278' title='bbox 2530 3868 2773 3930; x_wconf 90' lang='lat' dir='ltr'>cetera-</span> 
     </span>
     <span class='ocr_line' id='line_1_36' title="bbox 272 3954 2774 4041; baseline 0.001 -24"><span class='ocrx_word' id='word_1_279' title='bbox 272 3976 397 4038; x_wconf 91' lang='lat' dir='ltr'>que</span> <span class='ocrx_word' id='word_1_280' title='bbox 445 3954 615 4018; x_wconf 90' lang='lat' dir='ltr'>bona</span> <span class='ocrx_word' id='word_1_281' title='bbox 660 3955 1015 4040; x_wconf 83' lang='lat' dir='ltr'>corporalia</span> <span class='ocrx_word' id='word_1_282' title='bbox 1061 3957 1127 4017; x_wconf 91' lang='lat' dir='ltr'>et</span> <span class='ocrx_word' id='word_1_283' title='bbox 1171 3955 1598 4039; x_wconf 86' lang='lat' dir='ltr'>incorporalia</span> <span class='ocrx_word' id='word_1_284' title='bbox 1643 3978 1789 4020; x_wconf 91' lang='lat' dir='ltr'>cum</span> <span class='ocrx_word' id='word_1_285' title='bbox 1835 3956 2133 4020; x_wconf 88' lang='lat' dir='ltr'>omnibus</span> <span class='ocrx_word' id='word_1_286' title='bbox 2180 3955 2592 4041; x_wconf 89' lang='lat' dir='ltr'>pertinentiis</span> <span class='ocrx_word' id='word_1_287' title='bbox 2624 3956 2774 4035; x_wconf 91' lang='lat' dir='ltr'>suis,</span> 
     </span>
     <span class='ocr_line' id='line_1_37' title="bbox 272 4043 2775 4129; baseline 0 -22"><span class='ocrx_word' id='word_1_288' title='bbox 272 4065 397 4128; x_wconf 92' lang='lat' dir='ltr'>que</span> <span class='ocrx_word' id='word_1_289' title='bbox 443 4043 614 4107; x_wconf 87' lang='lat' dir='ltr'>idem</span> <span class='ocrx_word' id='word_1_290' title='bbox 661 4044 1171 4129; x_wconf 86' lang='lat' dir='ltr'>archiepiscopus</span> <span class='ocrx_word' id='word_1_291' title='bbox 1217 4044 1320 4108; x_wconf 83' lang='lat' dir='ltr'>vel</span> <span class='ocrx_word' id='word_1_292' title='bbox 1366 4045 1466 4109; x_wconf 91' lang='lat' dir='ltr'>sui</span> <span class='ocrx_word' id='word_1_293' title='bbox 1510 4046 1988 4128; x_wconf 90' lang='lat' dir='ltr'>predecessores</span> <span class='ocrx_word' id='word_1_294' title='bbox 2033 4046 2106 4109; x_wconf 89' lang='lat' dir='ltr'>in</span> <span class='ocrx_word' id='word_1_295' title='bbox 2135 4045 2594 4122; x_wconf 86' lang='lat' dir='ltr'>Ebredunensi,</span> <span class='ocrx_word' id='word_1_296' title='bbox 2644 4048 2775 4112; x_wconf 89' lang='lat' dir='ltr'>Va·-</span> 
     </span>
     <span class='ocr_line' id='line_1_38' title="bbox 270 4132 2778 4219; baseline 0.001 -23"><span class='ocrx_word' id='word_1_297' title='bbox 270 4133 567 4217; x_wconf 89' lang='lat' dir='ltr'>pincensi</span> <span class='ocrx_word' id='word_1_298' title='bbox 614 4136 680 4196; x_wconf 90' lang='lat' dir='ltr'>et</span> <span class='ocrx_word' id='word_1_299' title='bbox 708 4133 1091 4198; x_wconf 80' lang='lat' dir='ltr'>Taurinensi</span> <span class='ocrx_word' id='word_1_300' title='bbox 1136 4132 1508 4211; x_wconf 74' lang='lat' dir='ltr'>diocesibUS,</span> <span class='ocrx_word' id='word_1_301' title='bbox 1556 4157 1952 4219; x_wconf 90' lang='lat' dir='ltr'>quocumque</span> <span class='ocrx_word' id='word_1_302' title='bbox 1984 4136 2171 4199; x_wconf 90' lang='lat' dir='ltr'>modo</span> <span class='ocrx_word' id='word_1_303' title='bbox 2203 4136 2306 4199; x_wconf 87' lang='lat' dir='ltr'>vel</span> <span class='ocrx_word' id='word_1_304' title='bbox 2337 4135 2526 4199; x_wconf 90' lang='lat' dir='ltr'>titulo</span> <span class='ocrx_word' id='word_1_305' title='bbox 2560 4134 2778 4219; x_wconf 87' lang='lat' dir='ltr'>adepti</span> 
     </span>
     <span class='ocr_line' id='line_1_39' title="bbox 269 4221 2779 4307; baseline 0.001 -21"><span class='ocrx_word' id='word_1_306' title='bbox 269 4224 548 4300; x_wconf 81' lang='lat' dir='ltr'>fuerant,</span> <span class='ocrx_word' id='word_1_307' title='bbox 595 4223 698 4286; x_wconf 87' lang='lat' dir='ltr'>vel</span> <span class='ocrx_word' id='word_1_308' title='bbox 742 4245 866 4306; x_wconf 92' lang='lat' dir='ltr'>que</span> <span class='ocrx_word' id='word_1_309' title='bbox 912 4221 1116 4286; x_wconf 88' lang='lat' dir='ltr'>dictus</span> <span class='ocrx_word' id='word_1_310' title='bbox 1165 4222 1675 4307; x_wconf 88' lang='lat' dir='ltr'>archiepiscopus</span> <span class='ocrx_word' id='word_1_311' title='bbox 1737 4226 1802 4288; x_wconf 92' lang='grc'>615</span> <span class='ocrx_word' id='word_1_312' title='bbox 1861 4246 2250 4289; x_wconf 87' lang='lat' dir='ltr'>successores</span> <span class='ocrx_word' id='word_1_313' title='bbox 2313 4224 2450 4307; x_wconf 90' lang='lat' dir='ltr'>ejus</span> <span class='ocrx_word' id='word_1_314' title='bbox 2510 4226 2779 4307; x_wconf 89' lang='lat' dir='ltr'>possent</span> 
     </span>
     <span class='ocr_line' id='line_1_40' title="bbox 269 4311 2777 4398; baseline 0.002 -24"><span class='ocrx_word' id='word_1_315' title='bbox 269 4311 343 4374; x_wconf 92' lang='lat' dir='ltr'>in</span> <span class='ocrx_word' id='word_1_316' title='bbox 389 4314 719 4395; x_wconf 90' lang='lat' dir='ltr'>posterum</span> <span class='ocrx_word' id='word_1_317' title='bbox 767 4311 1048 4397; x_wconf 89' lang='lat' dir='ltr'>adipisci,</span> <span class='ocrx_word' id='word_1_318' title='bbox 1096 4333 1215 4375; x_wconf 91' lang='lat' dir='ltr'>nec</span> <span class='ocrx_word' id='word_1_319' title='bbox 1260 4333 1393 4375; x_wconf 94' lang='lat' dir='ltr'>non</span> <span class='ocrx_word' id='word_1_320' title='bbox 1440 4311 1813 4398; x_wconf 86' lang='lat' dir='ltr'>privilegia,</span> <span class='ocrx_word' id='word_1_321' title='bbox 1875 4311 2255 4378; x_wconf 91' lang='lat' dir='ltr'>donationes</span> <span class='ocrx_word' id='word_1_322' title='bbox 2321 4315 2386 4376; x_wconf 91' lang='lat' dir='ltr'>et</span> <span class='ocrx_word' id='word_1_323' title='bbox 2443 4312 2777 4378; x_wconf 87' lang='lat' dir='ltr'>libertates</span> 
     </span>
     <span class='ocr_line' id='line_1_41' title="bbox 270 4399 2778 4487; baseline 0 -23"><span class='ocrx_word' id='word_1_324' title='bbox 270 4400 750 4466; x_wconf 90' lang='lat' dir='ltr'>Ebredunensis</span> <span class='ocrx_word' id='word_1_325' title='bbox 816 4400 1104 4479; x_wconf 85' lang='lat' dir='ltr'>ecclesie,</span> <span class='ocrx_word' id='word_1_326' title='bbox 1168 4421 1239 4464; x_wconf 89' lang='lat' dir='ltr'>ac</span> <span class='ocrx_word' id='word_1_327' title='bbox 1298 4399 1850 4484; x_wconf 89' lang='lat' dir='ltr'>predecessoribus</span> <span class='ocrx_word' id='word_1_328' title='bbox 1911 4403 2112 4487; x_wconf 88' lang='lat' dir='ltr'>ipsius</span> <span class='ocrx_word' id='word_1_329' title='bbox 2176 4401 2637 4486; x_wconf 89' lang='lat' dir='ltr'>archiepiscopi</span> <span class='ocrx_word' id='word_1_330' title='bbox 2698 4401 2778 4466; x_wconf 91' lang='lat' dir='ltr'>ab</span> 
     </span>
     <span class='ocr_line' id='line_1_42' title="bbox 272 4489 2775 4579; baseline 0.001 -25"><span class='ocrx_word' id='word_1_331' title='bbox 272 4490 782 4556; x_wconf 88' lang='lat' dir='ltr'>antecessoribus</span> <span class='ocrx_word' id='word_1_332' title='bbox 828 4490 981 4554; x_wconf 89' lang='lat' dir='ltr'>dicti</span> <span class='ocrx_word' id='word_1_333' title='bbox 1023 4489 1217 4575; x_wconf 76' lang='lat' dir='ltr'>regiS,</span> <span class='ocrx_word' id='word_1_334' title='bbox 1263 4489 1758 4575; x_wconf 88' lang='lat' dir='ltr'>imperatoribus</span> <span class='ocrx_word' id='word_1_335' title='bbox 1807 4514 1918 4555; x_wconf 92' lang='lat' dir='ltr'>seu</span> <span class='ocrx_word' id='word_1_336' title='bbox 1964 4492 2244 4579; x_wconf 88' lang='lat' dir='ltr'>regibus,</span> <span class='ocrx_word' id='word_1_337' title='bbox 2290 4492 2395 4556; x_wconf 85' lang='lat' dir='ltr'>vel</span> <span class='ocrx_word' id='word_1_338' title='bbox 2441 4491 2583 4556; x_wconf 90' lang='lat' dir='ltr'>aliis</span> <span class='ocrx_word' id='word_1_339' title='bbox 2631 4491 2775 4576; x_wconf 89' lang='lat' dir='ltr'>qui-</span> 
     </span>
    </p>
   </div>
   <div class='ocr_carea' id='block_1_6' title="bbox 2386 4595 2458 4651">
    <p class='ocr_par' dir='ltr' id='par_1_7' title="bbox 2386 4595 2458 4651">
     <span class='ocr_line' id='line_1_43' title="bbox 2386 4595 2458 4651; baseline 0 -17"><span class='ocrx_word' id='word_1_340' title='bbox 2386 4595 2458 4651; x_wconf 58' lang='lat'>9·</span> 
     </span>
    </p>
   </div>
  </div>
 </body>
</html>
