3292 5100
2684 395 2807 464 1'65

300 561 633 625 curatores
679 562 747 624 et
790 561 1081 640 nuntios,
1140 561 1449 646 palleum,
1509 559 1771 645 insigne
1829 558 2125 624 videlicet
2165 560 2550 646 pontificalis
2596 560 2806 640 officii,

303 670 458 713 cum
490 671 582 728 ea,
628 672 758 735 qua
794 648 1019 729 decuit,
1064 650 1381 715 instantia
1423 650 1837 735 postulatum.
1886 646 2044 713 Cum
2088 648 2306 734 itaque
2351 649 2554 735 ipsius
2601 649 2808 714 archi·

304 738 596 824 episcopi
653 739 1225 823 supplicationibus
1283 739 1568 824 benigne
1628 738 1992 803 duxerimus
2053 739 2486 817 annuendum,
2534 740 2602 803 et
2655 761 2807 823 pre-

299 826 550 892 dictum
594 829 891 913 palleum,
939 828 1015 893 de
1063 849 1321 914 corpore
1351 828 1527 893 beati
1553 828 1734 892 Petri
1778 830 2120 913 sumptum,
2166 827 2364 906 vobis,
2412 827 2489 892 de
2537 849 2807 912 quorum

299 917 634 1001 probitate
679 917 974 982 fiduciam
1017 918 1089 983 in
1134 917 1392 983 domino
1439 918 1723 1003 gerimus
1770 918 2135 1002 spetialem,
2199 939 2315 1002 per
2361 917 2615 982 eosdem
2658 938 2807 1001 pre-

297 1006 592 1091 positum
623 1009 690 1071 et
718 1007 1096 1073 canonicum
1127 1007 1519 1072 destinemus
1548 1028 1667 1092 per
1710 1027 1823 1071 vos
1870 1006 2078 1071 eidem
2125 1007 2595 1092 archiepiscopo
2642 1006 2804 1072 assi-

295 1095 658 1180 gnandum,
705 1096 1101 1162 fraternitati
1146 1099 1353 1161 vestre
1399 1117 1516 1182 per
1560 1095 1907 1181 apostolica
1936 1096 2171 1181 scripta
2201 1096 2597 1172 mandamuS,
2645 1118 2805 1181 qua-

294 1187 497 1249 tenus
542 1185 824 1270 palleum
866 1186 1109 1270 ipsum,
1168 1209 1206 1250 a
1249 1185 1576 1271 preposito
1636 1187 1703 1249 et
1759 1185 2062 1250 canonico
2116 1185 2498 1269 recipientes
2547 1185 2803 1264 eisdem,

293 1272 465 1337 illud
510 1275 762 1359 prefato
810 1275 1281 1361 archiepiscopo
1327 1274 1447 1340 sub
1488 1275 1712 1353 forma,
1759 1297 1952 1376 quam
1995 1274 2176 1340 vobis
2208 1276 2327 1339 sub
2357 1274 2535 1339 bulla
2580 1276 2804 1339 nostra

294 1363 622 1429 mittimus
667 1363 1098 1443 introclusam,
1147 1384 1226 1428 ex
1280 1365 1465 1448 parte
1525 1366 1742 1430 vestra
1801 1363 2138 1450 assignare
2197 1364 2429 1429 curetis
2487 1363 2808 1449 recepturi

300 1453 387 1517 ab
438 1473 530 1532 e0,
575 1455 795 1518 nostro
844 1456 911 1518 et
954 1453 1212 1519 ecclesie
1257 1452 1546 1518 Romane
1591 1452 1873 1531 nomine,
1920 1454 2037 1517 sub
2082 1452 2321 1532 forma,
2383 1474 2577 1538 quam
2622 1452 2804 1519 vobis

294 1540 423 1606 sub
469 1540 693 1605 eadem
735 1542 912 1608 bulla
957 1542 1308 1628 dirigimus,
1338 1542 1667 1607 fidelitatis
1698 1541 1910 1607 debite
1938 1542 2396 1627 juramentum,
2430 1563 2502 1607 ac
2531 1542 2803 1607 nichilo-

293 1630 519 1695 minus
564 1631 986 1716 significaturi
1029 1632 1214 1697 nobis
1260 1632 1549 1717 plenarie
1595 1653 1713 1716 per
1755 1634 2002 1697 vestras
2032 1631 2278 1696 litteras
2309 1631 2540 1696 harum
2571 1632 2802 1696 seriem

295 1721 728 1799 continentes,
789 1721 959 1806 quod
1015 1721 1089 1785 in
1147 1720 1267 1787 1180
1323 1724 1508 1806 parte
1555 1720 1863 1786 duxeritis
1908 1720 2289 1786 faciendum.
2326 1719 2520 1802 Quod
2566 1721 2623 1785 si
2665 1741 2802 1785 non

301 1808 497 1873 ambo
543 1808 643 1874 his
703 1810 1091 1895 exequendis
1149 1811 1485 1896 potueritis
1541 1811 1880 1890 interesse,
1942 1810 2104 1875 alter
2160 1812 2445 1876 vestrum
2510 1832 2586 1874 ea
2630 1809 2802 1875 nihi-

290 1897 576 1963 lominus
647 1920 762 1963 exe
764 1902 1011 1985 tibuatur
1052 1898 1102 1987 ¹)
1207 1900 1448 1966 Datum
1517 1899 1736 1980 Rome,
1783 1899 1953 1985 apud
1997 1901 2291 1965 sanctum
2345 1901 2626 1979 Petrum,
2685 1899 2803 1965 III.

291 1986 429 2053 kal.
476 1986 659 2056 Junii
705 2011 877 2054 anno
921 1989 1147 2075 primo,

1500 2202 1602 2270 26.

477 2346 787 2412 Nicolaum
829 2347 955 2414 IV.
1000 2348 1281 2432 episcopo
1327 2346 1834 2432 Nuemburyemi
1877 2347 2176 2433 indulqet,
2222 2357 2298 2412 ut
2336 2368 2481 2412 oum
2514 2348 2801 2412 Hom-ico

291 2455 371 2519 de
407 2454 608 2527 Nuliz
652 2463 712 2518 et
737 2455 1076 2539 Hedewz’ye
1120 2455 1194 2518 de
1222 2452 1442 2519 Mosin
1484 2475 1676 2539 super
1719 2456 2132 2521 matrimonio
2177 2456 2505 2538 dispenset.
2548 2453 2800 2537 Apud

307 2561 602 2629 Urbem
643 2568 1026 2645 veterem,
1072 2560 1283 2629 1291
1325 2563 1581 2665 Mamt,
1627 2561 1707 2628 5.

995 2703 1108 2757 Nic.
1148 2702 1245 2760 IV.
1278 2704 1407 2771 Ray.
1444 2720 1534 2756 cm.
1572 2703 1669 2756 IV.
1706 2719 1785 2770 ep.
1820 2704 1894 2756 43
1915 2702 2022 2774 sol.
2057 2702 2110 2755 8.

472 2826 771 2893 Nicolaus
804 2820 1139 2915 episcopus
1158 2825 1215 2914 2)
1262 2849 1483 2895 servus
1528 2848 1856 2894 servorum
1902 2826 2022 2892 dei.
2067 2827 2438 2896 Venerabili
2467 2828 2656 2893 fratri
2687 2878 2701 2892 .
2733 2878 2748 2894 .
2782 2878 2796 2893 .

292 2916 595 3011 episcopo
651 2916 1175 3003 Nuemburgensi
1241 2917 1515 2983 salutem
1541 2917 1592 3005 3)
1672 2920 1738 2983 et
1797 2917 2209 3003 apostolicam
2265 2917 2794 2983 benedictionem

292 3004 534 3075 Petitio
580 3005 794 3071 dilecti
838 3006 953 3070 filii
996 3006 1259 3071 Henrici
1304 3006 1382 3071 de
1426 3006 1616 3073 Nuliz
1664 3010 1731 3071 et
1774 3006 1998 3072 dilecte
2046 3008 2116 3071 in
2165 3004 2416 3070 Christo
2461 3006 2590 3070 filie
2655 3006 2788 3070 He-

290 3095 563 3197 dewigis
610 3095 688 3159 de
734 3095 958 3174 Mosin,
1004 3098 1114 3160 tue
1162 3096 1444 3176 diocesis,
1489 3096 1675 3162 nobis
1707 3097 1991 3161 exhibita
2021 3095 2411 3173 continebat,
2458 3094 2676 3180 quod
2658 3095 2788 3179 1psi

290 3184 448 3248 olim
492 3184 722 3270 ignari,
768 3183 937 3270 quod
983 3185 1197 3270 aliqua
1243 3187 1414 3250 esset
1456 3186 1987 3271 consanguinitas
2031 3186 2204 3250 inter
2235 3205 2360 3263 eos,
2406 3206 2530 3269 que
2561 3185 2786 3249 1118111-

274 3273 583 3339 monium
627 3272 983 3359 impediret,
1028 3273 1277 3359 publice
1323 3274 1395 3338 in
1439 3274 1668 3338 faciem
1715 3275 1973 3340 ecclesie
2009 3273 2490 3338 matrimonium
2526 3273 2792 3339 insimul

290 3364 768 3442 contraxerunt,
814 3363 1058 3428 carnali
1098 3362 1504 3448 postmodum
1534 3363 1706 3428 inter
1737 3385 1844 3428 eos
1876 3364 2105 3449 copula
2150 3363 2503 3428 subsecuta.
2549 3365 2789 3431 Verum

291 3451 448 3536 quia
492 3414 897 3536 postmodum
945 3452 1025 3516 ad
1072 3473 1289 3516 eorum
1331 3452 1627 3536 pervenit
1672 3452 1986 3530 notitiam,
2034 3452 2203 3537 quod
2248 3454 2477 3537 quarto
2514 3473 2787 3517 consan-

291 3540 637 3626 guinitatis
683 3540 888 3627 gradu
936 3542 1016 3606 ad
1060 3541 1335 3606 invicem
1380 3563 1447 3606 se
1493 3542 1886 3628 contingunt
1900 3592 1915 3622 ,
1960 3542 2086 3626 ipsi
2127 3562 2320 3626 super
2362 3540 2483 3606 hoc
2528 3544 2784 3626 aposto-

286 3630 410 3694 lice
474 3630 642 3695 sedis
699 3629 1195 3696 misericordiam
1251 3631 1679 3716 implorarunt
1736 3634 1802 3695 et
1861 3632 2220 3696 asserentes
2243 3630 2297 3714 4)
2358 3633 2458 3709 111,
2518 3652 2662 3694 011111
2709 3652 2787 3694 ex

289 3740 511 3783 eorum
558 3718 844 3799 divortio,
891 3719 946 3784 si
988 3719 1148 3784 illud
1192 3720 1332 3784 fieri
1361 3720 1786 3806 contingeret,
1832 3741 2029 3806 grave
2076 3722 2295 3805 posset
2337 3720 2408 3783 in
2453 3719 2581 3784 illis
2626 3740 2779 3822 par-

285 3808 462 3873 tibus
508 3808 678 3872 inter
722 3807 1167 3895 progenitores
1213 3808 1468 3873 eosdem
1513 3809 1885 3874 scandalum
1915 3810 2224 3888 suscitari,
2269 3808 2639 3893 provideri
2619 3807 2779 3893 ipsis

287 3919 487 3981 super
542 3897 661 3967 hoc
721 3897 797 3962 de
857 3897 1355 4000 dispensationis
1411 3899 1719 3963 beneficio
1779 3899 2209 4001 dignaremur.
2255 3897 2390 3962 Nos
2442 3897 2645 3982 igitur
2704 3896 2781 3961 de

289 3986 851 4072 circumspectione
896 3989 1025 4065 1118,
1073 3987 1184 4072 qui
1229 4008 1421 4073 super
1476 3986 1602 4053 11118
1660 3989 1896 4054 habere
1940 3986 2180 4073 poteris
2227 3986 2526 4052 notitiam
2570 3985 2782 4072 pleni-

286 4097 483 4154 orem,
530 4076 870 4160 specialem
914 4076 986 4141 in
1017 4075 1275 4141 domino
1311 4074 1607 4142 fiduciam
1637 4077 2023 4158 obtinentes,
2068 4075 2466 4142 fraternitati
2509 4079 2619 4140 tue
2665 4097 2782 4161 per

392 4312 396 4317 ’
477 4325 515 4392 ¹)
553 4325 641 4380 Or.
678 4324 831 4389 Quod
864 4327 912 4379 si
944 4343 1054 4378 non
1089 4323 1238 4380 ambo
1261 4335 1351 4380 ato.
1389 4326 1528 4379 altor
1548 4334 1779 4379 vostrum
1813 4335 1904 4383 oto.
1967 4326 2008 4389 ²)
2045 4326 2136 4379 Or.
2159 4325 2424 4392 epiecopus
2459 4332 2548 4379 σω.
2607 4324 2648 4397 ⁸)
2685 4325 2779 4386 οφ,

285 4416 511 4470 saluum
545 4424 635 4470 m.
724 4412 769 4489 ⁴)
805 4415 894 4470 Or.
931 4424 1218 4471 aeson-omos
1251 4430 1416 4487 mque
1449 4416 1763 4472 auctoritato
1796 4424 1983 4475 noma
2017 4414 2294 4489 dispenses.
