3292 5100
1080 386 1435 436 CLEMENS
1481 388 1560 437 1v.
1618 388 1985 437 1265-1268.
2696 388 2774 448 51

286 547 485 607 1268.

278 673 439 751 Aug.
501 672 599 732 15.
647 673 975 823 vgtgegbii.
1021 674 1085 732 P.
1119 674 1373 747 20,442.
1404 674 1536 734 Dat.
1568 674 1819 736 viterbii
1846 673 2087 737 XVIIIL
2118 672 2234 733 kal.
2265 672 2421 750 Sept.
2452 693 2503 734 a.
2536 666 2631 733 4⁰.
2667 674 2792 734 530

646 806 662 822 .
854 806 870 822 .
2658 767 2789 827 641

327 911 362 943 „
455 870 558 930 26.
602 781 645 841 p
737 912 772 943 ‚,
951 870 1015 930 P.
1051 869 1306 944 20,444.
1338 871 1469 931 Dat.
1491 870 1742 933 Viterbii
1771 871 1901 933 VII.
1932 869 2009 931 id.
2031 870 2186 949 Sept.
2213 871 2333 930 531
2371 889 2431 949 p.
2453 869 2536 931 83
2558 869 2624 933 G.
2663 874 2796 933 642

279 977 442 1053 Sept.
463 979 563 1037 22.
742 1020 774 1051 ,‚
954 978 1019 1036 P.
1055 979 1306 1038 20.462.
1339 1012 1429 1023 —
1457 978 1857 1056 „Significavit
1885 977 2106 1038 nobis“.
2145 978 2224 1038 70
2256 996 2313 1056 p.
2350 979 2475 1040 238
2511 980 2616 1064 AG.
2664 983 2804 1042 64⁸

278 1083 407 1143 Oct.
457 1084 560 1144 26.
738 1128 771 1157 ,,
950 1085 990 1143 J
992 1085 1207 1145 ordano
1238 1104 1310 1145 ss.
1345 1087 1544 1146 Cosme
1575 1087 1636 1144 et
1649 1086 1917 1145 Damiani
1947 1086 2087 1145 diac.
2120 1087 2290 1158 card„
2322 1088 2631 1164 Campanie
2668 1087 2793 1147 Ma-

602 1173 916 1250 ritimeque
961 1175 1188 1233 rectori.
1220 1176 1300 1234 Ut
1341 1174 1604 1235 absolvat
1646 1175 2016 1251 capitaneum
2059 1178 2119 1235 et
2163 1177 2317 1237 cives
2346 1176 2545 1236 Gaiete
2588 1176 2663 1236 ab
2693 1195 2792 1236 ex-

604 1263 1140 1337 communicatione,
1174 1284 1353 1340 quam
1380 1264 1752 1324 incurrerant
1780 1283 1864 1337 e0,
1896 1264 2055 1342 quod
2084 1266 2386 1326 Maranule
2417 1266 2560 1327 dioc.
2593 1265 2805 1326 Gaiete.

605 1353 666 1413 et
709 1353 841 1429 ejus
882 1353 1178 1413 ecclesiam
1220 1353 1490 1414 funditus
1536 1354 1849 1414 diruerunt
1876 1357 2077 1414 contra
2106 1355 2448 1415 fidelitatem
2476 1355 2794 1416 exhibitam

606 1443 806 1503 Oarolo
834 1443 965 1521 regi
994 1443 1202 1504 Sicilie.
1238 1477 1318 1489 —-
1350 1444 1473 1518 „Ex
1502 1446 1726 1521 parte“.
1757 1444 2181 1506 VILkaLNov.
2201 1446 2283 1505 80
2305 1465 2361 1522 p.
2382 1446 2509 1506 240
2524 1446 2630 1531 A„
2662 1450 2796 1509 644

284 1550 345 1610 N
346 1569 435 1612 ov.
504 1550 561 1610 8.
741 1594 775 1624 „
953 1550 1046 1609 Ad
1076 1551 1341 1611 futuram
1369 1552 1456 1611 rei
1484 1552 1840 1613 memoriam.
1870 1551 2215 1613 'l'estificatio
2232 1597 2249 1626 ,
2281 1552 2440 1629 quod
2469 1572 2571 1612 rex
2601 1552 2795 1613 Sicilie

610 1658 849 1700 censum
877 1640 1172 1715 persolvit.
1207 1675 1292 1686 —
1323 1642 1688 1714 „Quamvis“.
1722 1643 1818 1703 VI.
1848 1642 1926 1701 id.
1947 1642 2094 1702 Nov.
2128 1663 2178 1703 a.
2200 1635 2291 1702 4⁰.
2331 1643 2410 1702 12
2431 1644 2533 1728 B1.
2661 1647 2792 1704 645

282 1747 451 1808 Febr.
462 1747 494 1806 1
506 1748 902 1808 5.-N0v.29.
997 1748 1081 1828 („)
1170 1750 1377 1808 Forma
1391 1736 1719 1809 securitatis
1733 1750 2042 1826 prestande
2055 1771 2091 1809 a
2102 1769 2242 1828 rege
2251 1750 2589 1829 Portugalie
2604 1750 2794 1810 archi-

608 1837 890 1914 episcopis
920 1840 980 1896 et
1011 1839 1293 1915 episcopis
1320 1841 1491 1918 regni
1522 1839 1631 1912 sui,
1665 1840 1771 1914 qui
1800 1839 1872 1898 ab
1904 1840 2105 1899 eodem
2134 1858 2317 1918 regno
2348 1842 2487 1899 sunt
2526 1839 2793 1900 absentes

605 1928 667 1986 et
695 1947 730 1985 a
758 1946 898 2005 rege
942 1929 1248 2005 aggravati
1289 1930 1747 2005 conqueruntur.
1779 1961 1868 1972 --
1906 1971 1940 2002 ,,
1956 1929 2025 1989 A.
2072 1928 2166 1989 dei
2212 1930 2402 2008 gratia
2442 1948 2545 1989 rex
2574 1930 2789 1989 Portu·

612 2017 818 2094 galie“.
853 2017 935 2075 65
966 2037 1025 2093 p.
1061 2019 1188 2077 235
1221 2018 1328 2103 Aa·
2659 2022 2792 2080 646
2905 2082 2917 2090 ,

331 2168 365 2198 ,,
465 2123 654 2183 15.-
696 2167 731 2197 ,,
799 2125 900 2183 29.
991 2124 1079 2202 (,,)
1167 2125 1386 2185 Eidem.
1417 2125 1672 2185 Articuli
1700 2125 1943 2185 exhibiti
1973 2125 2046 2186 ab
2077 2125 2517 2204 archiepiscopis
2546 2128 2608 2186 et
2637 2126 2791 2203 epis-

606 2215 765 2290 copis
794 2216 997 2274 contra
1022 2233 1225 2292 regem
1241 2215 1599 2293 Portugalie,
1631 2233 1810 2292 super
1838 2216 2055 2292 quibus
2084 2216 2345 2281 facienda
2372 2219 2464 2276 est
2494 2216 2567 2276 ab
2597 2235 2665 2276 eo
2695 2217 2791 2275 in-

609 2303 865 2379 quisiffiO.
896 2340 985 2349 —
1014 2305 1160 2377 „Isti
1189 2307 1331 2364 sunt
1360 2306 1646 2365 articuli“.
1684 2306 1765 2363 66
1800 2324 1856 2381 p.
1894 2307 2019 2366 235
2052 2306 2158 2391 Ag.
2659 2310 2788 2366 647

332 2453 365 2483 ,,
464 2411 652 2471 15.-
698 2455 733 2486 ‚‚
802 2413 904 2472 29.
994 2412 1081 2490 (,,)
1173 2413 1436 2474 Senatori
1455 2413 1642 2473 Urbis.
1675 2413 1951 2473 Recenset
1970 2412 2099 2490 ejus
2116 2431 2408 2486 excessus3
2439 2431 2554 2490 que
2585 2411 2635 2473 si
2663 2430 2790 2472 cor·

605 2502 782 2652 rigate}
808 2502 1138 2652 Eecipietur.
1171 2537 1259 2549 —
1288 2504 1513 2576 „Multa
1556 2503 1785 2566 verba“.
1834 2504 1871 2564 S
1887 2504 1965 2563 in
1979 2522 2012 2565 e
2055 2522 2099 2564 n
2112 2522 2145 2564 o
2160 2505 2189 2563 t
2200 2523 2237 2564 a
2276 2521 2309 2564 c
2322 2504 2361 2563 h
2375 2523 2407 2563 r
2419 2521 2453 2563 o
2468 2522 2511 2563 n
2525 2521 2559 2563 o
2573 2503 2613 2563 1.
2656 2503 2790 2656 gig

608 2612 665 2668 p.
859 2637 872 2652 .

289 2698 749 2784 1265-1268.

418 2859 508 2869 —-
730 2859 819 2870 —-
951 2827 1258 2887 consecrat
1284 2825 1779 2902 archiepiscopum
1810 2827 2164 2902 Capuanum.
2194 2826 2265 2886 cf.
2295 2827 2353 2886 N
2352 2845 2399 2886 r.
2436 2826 2580 2886 682.
2656 2829 2789 2888 649

420 2968 508 2979 —
733 2967 815 2979 —
952 2935 1218 2996 Habetur
1246 2954 1316 2994 ex
1344 2954 1427 3007 ea,
1459 2934 1616 3010 quod
1646 2934 1769 2994 Odo
1809 2934 2271 3011 archiepiscopus
2299 2934 2650 2994 Bisuntinus
2693 2933 2789 2993 fu-

604 3026 731 3085 erat
761 3046 796 3085 a
826 3025 1119 3085 Clemente
1148 3027 1525 3085 consecratus.
1556 3024 1698 3102 Reg.
1731 3024 1998 3103 Gregorii
2025 3025 2093 3083 X.
2128 3024 2207 3083 37
2243 3044 2300 3101 Ρ.
2339 3024 2420 3083 13
2452 3023 2522 3083 A.
2656 3026 2790 3085 650

423 3165 513 3176 —-
735 3166 824 3177 --
958 3132 1172 3194 Civitas
1190 3132 1593 3212 Pergamensis
1623 3134 1713 3192 est
1742 3133 2052 3193 interdicta
2080 3151 2267 3208 usque
2297 3131 2372 3191 ad
2399 3132 2639 3191 ultimos
2668 3130 2790 3190 dies

611 3222 937 3283 Clementis.
966 3222 1107 3300 Reg.
1141 3222 1408 3300 Gregorii
1436 3223 1503 3281 X.
1544 3222 1665 3281 141
1702 3243 1758 3299 p.
1793 3224 1874 3282 42
1908 3222 1978 3281 A.
2011 3222 2080 3281 cf.
2111 3222 2214 3281 Nr.
2251 3223 2398 3281 693.
2657 3222 2786 3282 651

334 3365 349 3390 .
421 3362 512 3372 —
737 3362 820 3375 --
954 3330 1401 3406 Archiepiscopo
1424 3327 1664 3389 Tirensi.
1696 3329 1948 3401 Mandat,
1980 3330 2052 3388 ut
2080 3328 2268 3388 nobili
2297 3329 2423 3389 viro
2454 3327 2520 3387 G.
2553 3325 2624 3386 de
2655 3326 2789 3387 Sar-

608 3418 778 3490 cenis‚
809 3419 1172 3496 paupertatis
1203 3421 1443 3496 gravato
1474 3437 1664 3491 onere,
1697 3418 1768 3477 de
1797 3418 2109 3478 centesima
2122 3461 2137 3491 ‚
2182 3436 2361 3493 quam
2391 3416 2659 3476 Urbanus
2689 3416 2789 3479 IV.

609 3508 1034 3585 archiepiscopo
1079 3508 1465 3586 colligendam
1511 3510 1576 3567 in
1620 3526 1805 3584 regno
1853 3507 2090 3566 Francie
2150 3525 2216 3566 ac
2262 3505 2613 3582 quibusdam
2659 3505 2791 3565 aliis

608 3598 875 3673 partibus
893 3599 1197 3668 commisit,
1216 3598 1663 3657 convertendam
1680 3615 1916 3656 assensu
1930 3597 2086 3674 regis
2094 3596 2331 3655 Francie
2345 3593 2789 3656 subventionem

608 3687 847 3763 prebeat
863 3706 973 3747 nec
988 3707 1124 3747 eum
1143 3688 1355 3747 deloco
1377 3688 1654 3757 amoveat,
1687 3704 1822 3746 cum
1851 3685 2017 3745 utilis
2047 3686 2139 3745 sit.
2173 3686 2231 3744 C.
2253 3686 2334 3744 49
2358 3684 2454 3745 fol.
2483 3685 2513 3743 1
2527 3686 2624 3744 55.
2657 3688 2788 3747 652

423 3825 512 3840 --
735 3828 823 3838 --
955 3794 1101 3871 Regi
1130 3795 1484 3854 Francorum
1512 3793 1748 3853 illustri.
1815 3792 2029 3852 Narrat
2076 3792 2529 3852 sollicitudinem
2574 3791 2789 3850 nobilis

610 3883 723 3944 viri
753 3885 817 3944 G.
850 3883 921 3943 de
952 3883 1209 3943 Sarcenis
1259 3886 1406 3942 circa
1450 3883 1757 3960 negotium
1787 3883 1942 3941 terre
1989 3884 2183 3942 sancte
2213 3884 2273 3941 et
2302 3882 2365 3941 in
2393 3879 2789 3940 remissionem

609 3973 1008 4049 peccaminum
1036 3973 1092 4032 ei
1122 3973 1328 4032 suadet
1342 4014 1357 4042 ‚
1401 3972 1681 4048 quatinus
1711 3973 1986 4047 procuret
2013 3971 2234 4030 Tirensi
2264 3970 2686 4048 archiepiscopo
2716 3968 2789 4028 de

609 4062 921 4122 centesima
949 4062 1274 4140 colligenda
1301 4061 1568 4121 celeriter
1596 4060 1911 4121 subveniri.
1944 4092 2033 4104 -
2061 4061 2282 4135 „Quam
2314 4059 2579 4132 viriliter,
2611 4076 2789 4135 quam

609 4152 888 4213 utiliter“.
937 4152 993 4210 C.
1029 4152 1110 4210 49
1145 4151 1240 4210 fol.
1281 4150 1311 4208 1
1326 4151 1424 4210 55.
2655 4150 2787 4210 658
