<?xml version="1.0" encoding="UTF-8"?>
<!DOCTYPE html PUBLIC "-//W3C//DTD XHTML 1.0 Transitional//EN"
    "http://www.w3.org/TR/xhtml1/DTD/xhtml1-transitional.dtd">
<html xmlns="http://www.w3.org/1999/xhtml" xml:lang="en" lang="en">
 <head>
  <title>
</title>
<meta http-equiv="Content-Type" content="text/html;charset=utf-8" />
  <meta name='ocr-system' content='tesseract 3.04.00' />
  <meta name='ocr-capabilities' content='ocr_page ocr_carea ocr_par ocr_line ocrx_word'/>
</head>
<body>
  <div class='ocr_page' id='page_1' title='image "analectavatican01possgoog_0080.png"; bbox 0 0 3292 5100; ppageno 0'>
   <div class='ocr_carea' id='block_1_1' title="bbox 488 464 679 685">
    <p class='ocr_par' dir='ltr' id='par_1_1' title="bbox 488 464 679 685">
     <span class='ocr_line' id='line_1_1' title="bbox 489 464 569 524; baseline 0.025 -2"><span class='ocrx_word' id='word_1_1' title='bbox 489 464 569 524; x_wconf 87' lang='lat'><strong>58</strong></span> 
     </span>
     <span class='ocr_line' id='line_1_2' title="bbox 488 623 679 685; baseline 0.005 -1"><span class='ocrx_word' id='word_1_2' title='bbox 488 623 679 685; x_wconf 84' lang='grc'><strong>1272.</strong></span> 
     </span>
    </p>
   </div>
   <div class='ocr_carea' id='block_1_2' title="bbox 1357 466 2108 515">
    <p class='ocr_par' dir='ltr' id='par_1_2' title="bbox 1357 466 2108 515">
     <span class='ocr_line' id='line_1_3' title="bbox 1357 466 2108 515; baseline 0.003 -3"><span class='ocrx_word' id='word_1_3' title='bbox 1357 466 1816 514; x_wconf 76' lang='lat' dir='ltr'>GREGORIUS</span> <span class='ocrx_word' id='word_1_4' title='bbox 1853 467 1912 514; x_wconf 87' lang='lat' dir='ltr'><strong>X.</strong></span> <span class='ocrx_word' id='word_1_5' title='bbox 1958 469 2108 515; x_wconf 78' lang='grc'><strong>1272.</strong></span> 
     </span>
    </p>
   </div>
   <div class='ocr_carea' id='block_1_3' title="bbox 796 752 2977 904">
    <p class='ocr_par' dir='ltr' id='par_1_3' title="bbox 796 752 2977 904">
     <span class='ocr_line' id='line_1_4' title="bbox 796 752 2976 900; baseline 0.001 -89"><span class='ocrx_word' id='word_1_6' title='bbox 796 753 1053 900; x_wconf 49' lang='grc' dir='ltr'><strong>(ἑθίκῇἑιδδ</strong></span> <span class='ocrx_word' id='word_1_7' title='bbox 1085 752 1244 824; x_wconf 75' lang='lat' dir='ltr'><strong>dioc„</strong></span> <span class='ocrx_word' id='word_1_8' title='bbox 1311 753 1632 813; x_wconf 84' lang='lat' dir='ltr'><strong>molestent.</strong></span> <span class='ocrx_word' id='word_1_9' title='bbox 1710 787 1798 797; x_wconf 91' lang='lat'><em>-</em></span> <span class='ocrx_word' id='word_1_10' title='bbox 1873 795 1905 823; x_wconf 93' lang='lat'><strong>‚,</strong></span> <span class='ocrx_word' id='word_1_11' title='bbox 1923 753 2110 830; x_wconf 83' lang='lat' dir='ltr'>Super</span> <span class='ocrx_word' id='word_1_12' title='bbox 2185 753 2619 831; x_wconf 84' lang='lat' dir='ltr'><strong>gravaminibus</strong></span> <span class='ocrx_word' id='word_1_13' title='bbox 2634 757 2684 812; x_wconf 88' lang='lat'><strong>“.</strong></span> <span class='ocrx_word' id='word_1_14' title='bbox 2763 755 2821 814; x_wconf 87' lang='lat' dir='ltr'><strong>C.</strong></span> <span class='ocrx_word' id='word_1_15' title='bbox 2895 755 2976 813; x_wconf 88' lang='lat'><strong>49</strong></span> 
     </span>
     <span class='ocr_line' id='line_1_5' title="bbox 826 848 2977 904; baseline 0.002 -4"><span class='ocrx_word' id='word_1_16' title='bbox 826 860 859 900; x_wconf 95' lang='lat' dir='ltr'><strong>o</strong></span> <span class='ocrx_word' id='word_1_17' title='bbox 887 888 900 902; x_wconf 93' lang='lat'><strong>.</strong></span> <span class='ocrx_word' id='word_1_18' title='bbox 1056 886 1069 900; x_wconf 92' lang='lat'><strong>.</strong></span> <span class='ocrx_word' id='word_1_19' title='bbox 2860 848 2977 904; x_wconf 81' lang='lat'><strong>727</strong></span> 
     </span>
    </p>
   </div>
   <div class='ocr_carea' id='block_1_4' title="bbox 795 948 2980 1189">
    <p class='ocr_par' dir='ltr' id='par_1_4' title="bbox 795 948 2980 1189">
     <span class='ocr_line' id='line_1_6' title="bbox 931 948 2980 1019; baseline 0 -12"><span class='ocrx_word' id='word_1_20' title='bbox 931 980 1016 992; x_wconf 90' lang='lat'>—</span> <span class='ocrx_word' id='word_1_21' title='bbox 1153 948 1449 1019; x_wconf 89' lang='lat' dir='ltr'><strong>Potestati,</strong></span> <span class='ocrx_word' id='word_1_22' title='bbox 1481 949 1719 1008; x_wconf 84' lang='lat' dir='ltr'><strong>consilio</strong></span> <span class='ocrx_word' id='word_1_23' title='bbox 1750 952 1811 1008; x_wconf 92' lang='lat' dir='ltr'><strong>et</strong></span> <span class='ocrx_word' id='word_1_24' title='bbox 1840 949 2136 1008; x_wconf 89' lang='lat' dir='ltr'><strong>communi</strong></span> <span class='ocrx_word' id='word_1_25' title='bbox 2154 949 2640 1008; x_wconf 71' lang='lat' dir='ltr'><strong>Placentinorum.</strong></span> <span class='ocrx_word' id='word_1_26' title='bbox 2692 950 2780 1008; x_wconf 93' lang='lat' dir='ltr'><strong>Ne</strong></span> <span class='ocrx_word' id='word_1_27' title='bbox 2798 950 2980 1009; x_wconf 89' lang='lat' dir='ltr'><strong>mole-</strong></span> 
     </span>
     <span class='ocr_line' id='line_1_7' title="bbox 795 1038 2978 1189; baseline 0.001 -94"><span class='ocrx_word' id='word_1_28' title='bbox 795 1038 964 1185; x_wconf 48' lang='lat' dir='ltr'><strong>{fug</strong></span> <span class='ocrx_word' id='word_1_29' title='bbox 977 1127 1007 1184; x_wconf 74' lang='grc'>1</span> <span class='ocrx_word' id='word_1_30' title='bbox 1025 1038 1442 1097; x_wconf 87' lang='lat' dir='ltr'><strong>monasterium</strong></span> <span class='ocrx_word' id='word_1_31' title='bbox 1487 1038 1558 1098; x_wconf 90' lang='lat' dir='ltr'><strong>de</strong></span> <span class='ocrx_word' id='word_1_32' title='bbox 1608 1038 1903 1098; x_wconf 88' lang='lat' dir='ltr'><strong>Columba.</strong></span> <span class='ocrx_word' id='word_1_33' title='bbox 1948 1072 2029 1082; x_wconf 90' lang='lat'><strong>—-</strong></span> <span class='ocrx_word' id='word_1_34' title='bbox 2077 1038 2383 1109; x_wconf 77' lang='lat' dir='ltr'><strong>„Testatur</strong></span> <span class='ocrx_word' id='word_1_35' title='bbox 2428 1039 2728 1099; x_wconf 86' lang='lat' dir='ltr'><strong>eximius“.</strong></span> <span class='ocrx_word' id='word_1_36' title='bbox 2791 1040 2978 1189; x_wconf 62' lang='grc' dir='ltr'><strong>(3.7ἓὲ</strong></span> 
     </span>
    </p>
   </div>
   <div class='ocr_carea' id='block_1_5' title="bbox 794 1233 2982 1562">
    <p class='ocr_par' dir='ltr' id='par_1_5' title="bbox 794 1233 2982 1562">
     <span class='ocr_line' id='line_1_8' title="bbox 922 1233 2975 1310; baseline 0.001 -18"><span class='ocrx_word' id='word_1_37' title='bbox 922 1266 1006 1276; x_wconf 88' lang='grc'>-</span> <span class='ocrx_word' id='word_1_38' title='bbox 1140 1234 1387 1293; x_wconf 81' lang='lat' dir='ltr'><strong>Eisdem.</strong></span> <span class='ocrx_word' id='word_1_39' title='bbox 1437 1233 1734 1293; x_wconf 85' lang='lat' dir='ltr'><strong>Consortat</strong></span> <span class='ocrx_word' id='word_1_40' title='bbox 1762 1253 1885 1305; x_wconf 79' lang='lat' dir='ltr'><strong>e08,</strong></span> <span class='ocrx_word' id='word_1_41' title='bbox 1918 1235 2023 1310; x_wconf 81' lang='lat' dir='ltr'><strong>qui</strong></span> <span class='ocrx_word' id='word_1_42' title='bbox 2051 1234 2452 1310; x_wconf 77' lang='lat' dir='ltr'><strong>imperialibus</strong></span> <span class='ocrx_word' id='word_1_43' title='bbox 2479 1234 2801 1293; x_wconf 77' lang='lat' dir='ltr'><strong>insultibus</strong></span> <span class='ocrx_word' id='word_1_44' title='bbox 2831 1236 2975 1294; x_wconf 86' lang='lat' dir='ltr'><strong>viri-</strong></span> 
     </span>
     <span class='ocr_line' id='line_1_9' title="bbox 794 1321 2978 1401; baseline 0.002 -22"><span class='ocrx_word' id='word_1_45' title='bbox 794 1322 931 1381; x_wconf 86' lang='lat' dir='ltr'><strong>liter</strong></span> <span class='ocrx_word' id='word_1_46' title='bbox 975 1321 1336 1384; x_wconf 88' lang='lat' dir='ltr'><strong>obsteterint.</strong></span> <span class='ocrx_word' id='word_1_47' title='bbox 1380 1324 1551 1394; x_wconf 82' lang='lat' dir='ltr'><strong>Dicit,</strong></span> <span class='ocrx_word' id='word_1_48' title='bbox 1598 1324 1921 1399; x_wconf 90' lang='lat' dir='ltr'><strong>potentiam</strong></span> <span class='ocrx_word' id='word_1_49' title='bbox 1963 1324 2121 1401; x_wconf 87' lang='lat' dir='ltr'><strong>regis</strong></span> <span class='ocrx_word' id='word_1_50' title='bbox 2152 1323 2342 1382; x_wconf 78' lang='lat' dir='ltr'><strong>Sicilie</strong></span> <span class='ocrx_word' id='word_1_51' title='bbox 2386 1324 2469 1382; x_wconf 91' lang='lat' dir='ltr'><strong>eis</strong></span> <span class='ocrx_word' id='word_1_52' title='bbox 2506 1342 2627 1382; x_wconf 94' lang='lat' dir='ltr'><strong>non</strong></span> <span class='ocrx_word' id='word_1_53' title='bbox 2656 1342 2779 1383; x_wconf 90' lang='lat' dir='ltr'><strong>esse</strong></span> <span class='ocrx_word' id='word_1_54' title='bbox 2810 1324 2978 1383; x_wconf 87' lang='lat' dir='ltr'><strong>defu-</strong></span> 
     </span>
     <span class='ocr_line' id='line_1_10' title="bbox 795 1412 2979 1489; baseline 0.001 -20"><span class='ocrx_word' id='word_1_55' title='bbox 795 1412 992 1469; x_wconf 85' lang='lat' dir='ltr'><strong>turam</strong></span> <span class='ocrx_word' id='word_1_56' title='bbox 1010 1414 1072 1471; x_wconf 91' lang='lat' dir='ltr'><strong>et</strong></span> <span class='ocrx_word' id='word_1_57' title='bbox 1087 1415 1301 1484; x_wconf 91' lang='lat' dir='ltr'><strong>monet,</strong></span> <span class='ocrx_word' id='word_1_58' title='bbox 1332 1415 1404 1472; x_wconf 88' lang='lat' dir='ltr'><strong>ut</strong></span> <span class='ocrx_word' id='word_1_59' title='bbox 1433 1413 1857 1489; x_wconf 81' lang='lat' dir='ltr'><strong>archiepiscopo</strong></span> <span class='ocrx_word' id='word_1_60' title='bbox 1875 1412 2139 1488; x_wconf 91' lang='lat' dir='ltr'><strong>Aquensi</strong></span> <span class='ocrx_word' id='word_1_61' title='bbox 2156 1413 2351 1489; x_wconf 80' lang='lat' dir='ltr'><strong>legato</strong></span> <span class='ocrx_word' id='word_1_62' title='bbox 2369 1412 2656 1472; x_wconf 82' lang='lat' dir='ltr'><strong>obediant.</strong></span> <span class='ocrx_word' id='word_1_63' title='bbox 2680 1446 2761 1460; x_wconf 89' lang='lat'><em>-</em></span> <span class='ocrx_word' id='word_1_64' title='bbox 2785 1414 2979 1484; x_wconf 87' lang='lat' dir='ltr'><strong>„Caris</strong></span> 
     </span>
     <span class='ocr_line' id='line_1_11' title="bbox 794 1499 2982 1562; baseline 0.002 -4"><span class='ocrx_word' id='word_1_65' title='bbox 794 1499 981 1559; x_wconf 87' lang='lat' dir='ltr'><strong>filiis“.</strong></span> <span class='ocrx_word' id='word_1_66' title='bbox 1031 1502 1088 1561; x_wconf 89' lang='lat' dir='ltr'><strong>C.</strong></span> <span class='ocrx_word' id='word_1_67' title='bbox 1121 1503 1203 1560; x_wconf 90' lang='lat'><strong>49</strong></span> <span class='ocrx_word' id='word_1_68' title='bbox 1237 1501 1334 1560; x_wconf 90' lang='lat' dir='ltr'><strong>fol.</strong></span> <span class='ocrx_word' id='word_1_69' title='bbox 1369 1502 1469 1561; x_wconf 88' lang='lat'><strong>91.</strong></span> <span class='ocrx_word' id='word_1_70' title='bbox 2857 1507 2982 1562; x_wconf 81' lang='lat'><strong>729</strong></span> 
     </span>
    </p>
   </div>
   <div class='ocr_carea' id='block_1_6' title="bbox 787 1607 2983 2650">
    <p class='ocr_par' dir='ltr' id='par_1_6' title="bbox 792 1607 2983 1861">
     <span class='ocr_line' id='line_1_12' title="bbox 920 1607 2978 1686; baseline 0.001 -21"><span class='ocrx_word' id='word_1_71' title='bbox 920 1640 1004 1650; x_wconf 92' lang='lat'><strong>—-</strong></span> <span class='ocrx_word' id='word_1_72' title='bbox 1138 1609 1467 1667; x_wconf 90' lang='lat' dir='ltr'><strong>Patriarche</strong></span> <span class='ocrx_word' id='word_1_73' title='bbox 1484 1609 1524 1666; x_wconf 86' lang='lat' dir='ltr'><strong>J</strong></span> <span class='ocrx_word' id='word_1_74' title='bbox 1524 1608 1989 1686; x_wconf 81' lang='lat' dir='ltr'><strong>erosolymitanO.</strong></span> <span class='ocrx_word' id='word_1_75' title='bbox 2035 1607 2532 1669; x_wconf 88' lang='lat' dir='ltr'><strong>Predicationibus</strong></span> <span class='ocrx_word' id='word_1_76' title='bbox 2563 1610 2840 1685; x_wconf 87' lang='lat' dir='ltr'><strong>corripiat</strong></span> <span class='ocrx_word' id='word_1_77' title='bbox 2871 1628 2978 1685; x_wconf 91' lang='lat' dir='ltr'><strong>po-</strong></span> 
     </span>
     <span class='ocr_line' id='line_1_13' title="bbox 792 1696 2979 1774; baseline 0.001 -20"><span class='ocrx_word' id='word_1_78' title='bbox 792 1696 1003 1771; x_wconf 87' lang='lat' dir='ltr'><strong>pulum</strong></span> <span class='ocrx_word' id='word_1_79' title='bbox 1032 1697 1097 1755; x_wconf 93' lang='lat' dir='ltr'><strong>in</strong></span> <span class='ocrx_word' id='word_1_80' title='bbox 1127 1697 1530 1756; x_wconf 81' lang='lat' dir='ltr'><strong>transmarinis</strong></span> <span class='ocrx_word' id='word_1_81' title='bbox 1559 1698 1827 1773; x_wconf 88' lang='lat' dir='ltr'><strong>partibus</strong></span> <span class='ocrx_word' id='word_1_82' title='bbox 1845 1699 2211 1774; x_wconf 84' lang='lat' dir='ltr'><strong>voluptuosis</strong></span> <span class='ocrx_word' id='word_1_83' title='bbox 2231 1698 2395 1757; x_wconf 86' lang='lat' dir='ltr'><strong>viciis</strong></span> <span class='ocrx_word' id='word_1_84' title='bbox 2414 1699 2475 1757; x_wconf 91' lang='lat' dir='ltr'><strong>et</strong></span> <span class='ocrx_word' id='word_1_85' title='bbox 2494 1699 2767 1757; x_wconf 87' lang='lat' dir='ltr'><strong>servituti</strong></span> <span class='ocrx_word' id='word_1_86' title='bbox 2786 1698 2979 1757; x_wconf 87' lang='lat' dir='ltr'><strong>carnis</strong></span> 
     </span>
     <span class='ocr_line' id='line_1_14' title="bbox 793 1781 2983 1861; baseline 0.002 -18"><span class='ocrx_word' id='word_1_87' title='bbox 793 1786 1134 1861; x_wconf 86' lang='lat' dir='ltr'><strong>expositum.</strong></span> <span class='ocrx_word' id='word_1_88' title='bbox 1173 1820 1253 1830; x_wconf 89' lang='lat'><strong>-—</strong></span> <span class='ocrx_word' id='word_1_89' title='bbox 1286 1788 1455 1858; x_wconf 93' lang='lat' dir='ltr'><strong>„Non</strong></span> <span class='ocrx_word' id='word_1_90' title='bbox 1484 1787 1899 1846; x_wconf 89' lang='lat' dir='ltr'><strong>intendimus“.</strong></span> <span class='ocrx_word' id='word_1_91' title='bbox 1946 1788 2004 1847; x_wconf 80' lang='lat' dir='ltr'><strong>C.</strong></span> <span class='ocrx_word' id='word_1_92' title='bbox 2039 1789 2119 1846; x_wconf 92' lang='lat'><strong>49</strong></span> <span class='ocrx_word' id='word_1_93' title='bbox 2154 1788 2251 1847; x_wconf 89' lang='lat' dir='ltr'><strong>fol.</strong></span> <span class='ocrx_word' id='word_1_94' title='bbox 2288 1781 2420 1846; x_wconf 70' lang='lat'><strong>91¹³.</strong></span> <span class='ocrx_word' id='word_1_95' title='bbox 2849 1793 2983 1848; x_wconf 88' lang='grc'><strong>730</strong></span> 
     </span>
    </p>

    <p class='ocr_par' dir='ltr' id='par_1_7' title="bbox 788 1875 2982 2204">
     <span class='ocr_line' id='line_1_15' title="bbox 922 1875 2980 1951; baseline 0 -16"><span class='ocrx_word' id='word_1_96' title='bbox 922 1908 1009 1917; x_wconf 91' lang='grc'><strong>--</strong></span> <span class='ocrx_word' id='word_1_97' title='bbox 1140 1876 1358 1935; x_wconf 86' lang='lat' dir='ltr'><strong>Eidem.</strong></span> <span class='ocrx_word' id='word_1_98' title='bbox 1381 1877 1459 1934; x_wconf 87' lang='lat' dir='ltr'><strong>Ut</strong></span> <span class='ocrx_word' id='word_1_99' title='bbox 1476 1876 1771 1951; x_wconf 86' lang='lat' dir='ltr'><strong>dispenset</strong></span> <span class='ocrx_word' id='word_1_100' title='bbox 1782 1877 1940 1935; x_wconf 90' lang='lat' dir='ltr'><strong>inter</strong></span> <span class='ocrx_word' id='word_1_101' title='bbox 1951 1875 2207 1936; x_wconf 93' lang='lat' dir='ltr'><strong>nobilem</strong></span> <span class='ocrx_word' id='word_1_102' title='bbox 2221 1877 2416 1936; x_wconf 87' lang='lat' dir='ltr'><strong>virum</strong></span> <span class='ocrx_word' id='word_1_103' title='bbox 2429 1876 2778 1935; x_wconf 82' lang='lat' dir='ltr'><strong>Martutium</strong></span> <span class='ocrx_word' id='word_1_104' title='bbox 2794 1876 2980 1935; x_wconf 84' lang='lat' dir='ltr'><strong>Gum-</strong></span> 
     </span>
     <span class='ocr_line' id='line_1_16' title="bbox 790 1962 2982 2041; baseline 0.001 -20"><span class='ocrx_word' id='word_1_105' title='bbox 790 1962 950 2034; x_wconf 89' lang='lat' dir='ltr'><strong>datii,</strong></span> <span class='ocrx_word' id='word_1_106' title='bbox 981 1964 1164 2023; x_wconf 86' lang='lat' dir='ltr'><strong>civem</strong></span> <span class='ocrx_word' id='word_1_107' title='bbox 1184 1966 1635 2041; x_wconf 89' lang='lat' dir='ltr'><strong>Neapolitanum</strong></span> <span class='ocrx_word' id='word_1_108' title='bbox 1666 1968 1727 2024; x_wconf 91' lang='lat' dir='ltr'><strong>et</strong></span> <span class='ocrx_word' id='word_1_109' title='bbox 1756 1966 2013 2024; x_wconf 91' lang='lat' dir='ltr'><strong>nobilem</strong></span> <span class='ocrx_word' id='word_1_110' title='bbox 2040 1966 2349 2025; x_wconf 88' lang='lat' dir='ltr'><strong>mulierem</strong></span> <span class='ocrx_word' id='word_1_111' title='bbox 2382 2011 2394 2024; x_wconf 94' lang='lat'><strong>.</strong></span> <span class='ocrx_word' id='word_1_112' title='bbox 2426 2009 2440 2023; x_wconf 87' lang='lat'><strong>.</strong></span> <span class='ocrx_word' id='word_1_113' title='bbox 2473 1965 2545 2023; x_wconf 90' lang='lat' dir='ltr'><strong>de</strong></span> <span class='ocrx_word' id='word_1_114' title='bbox 2576 2010 2589 2023; x_wconf 91' lang='lat'><strong>.</strong></span> <span class='ocrx_word' id='word_1_115' title='bbox 2624 2009 2637 2023; x_wconf 93' lang='lat'><strong>.</strong></span> <span class='ocrx_word' id='word_1_116' title='bbox 2650 2009 2665 2037; x_wconf 91' lang='lat'>‚</span> <span class='ocrx_word' id='word_1_117' title='bbox 2713 1965 2819 2040; x_wconf 86' lang='lat' dir='ltr'><strong>qui</strong></span> <span class='ocrx_word' id='word_1_118' title='bbox 2837 1968 2982 2024; x_wconf 86' lang='lat' dir='ltr'><strong>sunt</strong></span> 
     </span>
     <span class='ocr_line' id='line_1_17' title="bbox 790 2054 2978 2132; baseline 0.001 -21"><span class='ocrx_word' id='word_1_119' title='bbox 790 2055 998 2128; x_wconf 90' lang='lat' dir='ltr'><strong>quarto</strong></span> <span class='ocrx_word' id='word_1_120' title='bbox 1042 2054 1564 2131; x_wconf 79' lang='lat' dir='ltr'><strong>consanguinitatis</strong></span> <span class='ocrx_word' id='word_1_121' title='bbox 1609 2055 1799 2132; x_wconf 90' lang='lat' dir='ltr'><strong>gradu</strong></span> <span class='ocrx_word' id='word_1_122' title='bbox 1842 2055 2160 2130; x_wconf 85' lang='lat' dir='ltr'><strong>conjuncti.</strong></span> <span class='ocrx_word' id='word_1_123' title='bbox 2211 2088 2289 2099; x_wconf 90' lang='lat'>-</span> <span class='ocrx_word' id='word_1_124' title='bbox 2345 2054 2468 2128; x_wconf 86' lang='lat' dir='ltr'><strong>„Ex</strong></span> <span class='ocrx_word' id='word_1_125' title='bbox 2514 2056 2680 2130; x_wconf 88' lang='lat' dir='ltr'><strong>parte</strong></span> <span class='ocrx_word' id='word_1_126' title='bbox 2727 2055 2978 2115; x_wconf 89' lang='lat' dir='ltr'><strong>dilecti“.</strong></span> 
     </span>
     <span class='ocr_line' id='line_1_18' title="bbox 788 2141 2972 2204; baseline 0.002 -4"><span class='ocrx_word' id='word_1_127' title='bbox 788 2143 819 2200; x_wconf 95' lang='lat' dir='ltr'>I</span> <span class='ocrx_word' id='word_1_128' title='bbox 833 2141 910 2201; x_wconf 89' lang='lat' dir='ltr'><strong>bi</strong></span> <span class='ocrx_word' id='word_1_129' title='bbox 926 2142 965 2200; x_wconf 86' lang='lat' dir='ltr'><strong>d</strong></span> <span class='ocrx_word' id='word_1_130' title='bbox 979 2161 1011 2201; x_wconf 90' lang='lat' dir='ltr'><strong>e</strong></span> <span class='ocrx_word' id='word_1_131' title='bbox 1024 2163 1102 2203; x_wconf 91' lang='lat' dir='ltr'><strong>m.</strong></span> <span class='ocrx_word' id='word_1_132' title='bbox 2847 2149 2972 2204; x_wconf 86' lang='grc'><strong>731</strong></span> 
     </span>
    </p>

    <p class='ocr_par' dir='ltr' id='par_1_8' title="bbox 788 2231 2978 2397">
     <span class='ocr_line' id='line_1_19' title="bbox 921 2231 2978 2292; baseline 0.001 -3"><span class='ocrx_word' id='word_1_133' title='bbox 921 2264 1000 2274; x_wconf 94' lang='grc'>-</span> <span class='ocrx_word' id='word_1_134' title='bbox 1135 2231 1354 2290; x_wconf 88' lang='lat' dir='ltr'><strong>Eidem.</strong></span> <span class='ocrx_word' id='word_1_135' title='bbox 1401 2233 1480 2290; x_wconf 91' lang='lat' dir='ltr'><strong>Ut</strong></span> <span class='ocrx_word' id='word_1_136' title='bbox 1508 2233 1781 2291; x_wconf 83' lang='lat' dir='ltr'><strong>dilectam</strong></span> <span class='ocrx_word' id='word_1_137' title='bbox 1820 2233 1884 2291; x_wconf 92' lang='lat' dir='ltr'><strong>in</strong></span> <span class='ocrx_word' id='word_1_138' title='bbox 1916 2233 2139 2291; x_wconf 87' lang='lat' dir='ltr'><strong>Christo</strong></span> <span class='ocrx_word' id='word_1_139' title='bbox 2183 2232 2363 2292; x_wconf 87' lang='lat' dir='ltr'><strong>filiam</strong></span> <span class='ocrx_word' id='word_1_140' title='bbox 2393 2232 2771 2291; x_wconf 84' lang='lat' dir='ltr'><strong>Domicellam</strong></span> <span class='ocrx_word' id='word_1_141' title='bbox 2801 2232 2978 2291; x_wconf 86' lang='lat' dir='ltr'><strong>habet</strong></span> 
     </span>
     <span class='ocr_line' id='line_1_20' title="bbox 788 2320 2973 2397; baseline 0 -18"><span class='ocrx_word' id='word_1_142' title='bbox 788 2320 1264 2380; x_wconf 87' lang='lat' dir='ltr'><strong>commendatam.</strong></span> <span class='ocrx_word' id='word_1_143' title='bbox 1295 2354 1383 2364; x_wconf 96' lang='lat'>—</span> <span class='ocrx_word' id='word_1_144' title='bbox 1415 2321 1544 2391; x_wconf 85' lang='lat' dir='ltr'><strong>„Ad</strong></span> <span class='ocrx_word' id='word_1_145' title='bbox 1572 2322 1987 2397; x_wconf 88' lang='lat' dir='ltr'><strong>prelatorum“.</strong></span> <span class='ocrx_word' id='word_1_146' title='bbox 2035 2322 2093 2381; x_wconf 83' lang='lat' dir='ltr'><strong>O.</strong></span> <span class='ocrx_word' id='word_1_147' title='bbox 2128 2322 2208 2379; x_wconf 88' lang='lat'><strong>49</strong></span> <span class='ocrx_word' id='word_1_148' title='bbox 2243 2320 2340 2380; x_wconf 86' lang='lat' dir='ltr'><strong>fol.</strong></span> <span class='ocrx_word' id='word_1_149' title='bbox 2377 2323 2478 2380; x_wconf 85' lang='lat'><strong>92.</strong></span> <span class='ocrx_word' id='word_1_150' title='bbox 2847 2327 2973 2382; x_wconf 83' lang='grc'><strong>732</strong></span> 
     </span>
    </p>

    <p class='ocr_par' dir='ltr' id='par_1_9' title="bbox 787 2410 2973 2650">
     <span class='ocr_line' id='line_1_21' title="bbox 915 2410 2973 2487; baseline 0 -19"><span class='ocrx_word' id='word_1_151' title='bbox 915 2444 1003 2453; x_wconf 90' lang='lat'><strong>-—</strong></span> <span class='ocrx_word' id='word_1_152' title='bbox 1135 2411 1301 2480; x_wconf 91' lang='lat' dir='ltr'><strong>Duci,</strong></span> <span class='ocrx_word' id='word_1_153' title='bbox 1333 2411 1573 2470; x_wconf 91' lang='lat' dir='ltr'><strong>consilio</strong></span> <span class='ocrx_word' id='word_1_154' title='bbox 1602 2413 1665 2469; x_wconf 93' lang='lat' dir='ltr'><strong>et</strong></span> <span class='ocrx_word' id='word_1_155' title='bbox 1694 2410 1988 2469; x_wconf 85' lang='lat' dir='ltr'><strong>communi</strong></span> <span class='ocrx_word' id='word_1_156' title='bbox 2009 2411 2380 2470; x_wconf 88' lang='lat' dir='ltr'><strong>Venetorum.</strong></span> <span class='ocrx_word' id='word_1_157' title='bbox 2426 2411 2515 2468; x_wconf 93' lang='lat' dir='ltr'><strong>Ne</strong></span> <span class='ocrx_word' id='word_1_158' title='bbox 2538 2411 2780 2487; x_wconf 83' lang='lat' dir='ltr'><strong>treugas</strong></span> <span class='ocrx_word' id='word_1_159' title='bbox 2798 2428 2973 2470; x_wconf 83' lang='lat' dir='ltr'><strong>novas</strong></span> 
     </span>
     <span class='ocr_line' id='line_1_22' title="bbox 787 2499 2968 2578; baseline 0 -20"><span class='ocrx_word' id='word_1_160' title='bbox 787 2516 922 2559; x_wconf 89' lang='lat' dir='ltr'><strong>cum</strong></span> <span class='ocrx_word' id='word_1_161' title='bbox 951 2500 1259 2578; x_wconf 90' lang='lat' dir='ltr'><strong>Paleologo</strong></span> <span class='ocrx_word' id='word_1_162' title='bbox 1289 2499 1506 2572; x_wconf 89' lang='lat' dir='ltr'><strong>ineant,</strong></span> <span class='ocrx_word' id='word_1_163' title='bbox 1538 2518 1674 2559; x_wconf 88' lang='lat' dir='ltr'><strong>eum</strong></span> <span class='ocrx_word' id='word_1_164' title='bbox 1703 2499 1837 2560; x_wconf 92' lang='lat' dir='ltr'><strong>finis</strong></span> <span class='ocrx_word' id='word_1_165' title='bbox 1866 2500 2146 2560; x_wconf 88' lang='lat' dir='ltr'><strong>initarum</strong></span> <span class='ocrx_word' id='word_1_166' title='bbox 2175 2499 2373 2560; x_wconf 89' lang='lat' dir='ltr'><strong>instet.</strong></span> <span class='ocrx_word' id='word_1_167' title='bbox 2404 2532 2492 2542; x_wconf 95' lang='grc'><strong>--</strong></span> <span class='ocrx_word' id='word_1_168' title='bbox 2526 2500 2767 2576; x_wconf 90' lang='lat' dir='ltr'><strong>„Nuper</strong></span> <span class='ocrx_word' id='word_1_169' title='bbox 2796 2500 2968 2560; x_wconf 89' lang='lat' dir='ltr'><strong>intel-</strong></span> 
     </span>
     <span class='ocr_line' id='line_1_23' title="bbox 791 2589 2968 2650; baseline 0.001 -3"><span class='ocrx_word' id='word_1_170' title='bbox 791 2590 993 2649; x_wconf 87' lang='lat' dir='ltr'><strong>lecto“.</strong></span> <span class='ocrx_word' id='word_1_171' title='bbox 1043 2590 1098 2648; x_wconf 88' lang='lat' dir='ltr'><strong>C.</strong></span> <span class='ocrx_word' id='word_1_172' title='bbox 1134 2590 1215 2648; x_wconf 87' lang='lat'><strong>49</strong></span> <span class='ocrx_word' id='word_1_173' title='bbox 1249 2589 1347 2650; x_wconf 88' lang='lat' dir='ltr'><strong>fol.</strong></span> <span class='ocrx_word' id='word_1_174' title='bbox 1381 2591 1484 2649; x_wconf 88' lang='grc'><strong>92.</strong></span> <span class='ocrx_word' id='word_1_175' title='bbox 2854 2595 2968 2650; x_wconf 87' lang='grc'><strong>733</strong></span> 
     </span>
    </p>
   </div>
   <div class='ocr_carea' id='block_1_7' title="bbox 915 2696 2964 2769">
    <p class='ocr_par' dir='ltr' id='par_1_10' title="bbox 915 2696 2964 2769">
     <span class='ocr_line' id='line_1_24' title="bbox 915 2696 2964 2769; baseline 0 -14"><span class='ocrx_word' id='word_1_176' title='bbox 915 2730 998 2740; x_wconf 90' lang='grc'>-</span> <span class='ocrx_word' id='word_1_177' title='bbox 1134 2696 1382 2755; x_wconf 85' lang='lat' dir='ltr'><strong>Eisdem.</strong></span> <span class='ocrx_word' id='word_1_178' title='bbox 1446 2697 1533 2755; x_wconf 92' lang='lat' dir='ltr'><strong>De</strong></span> <span class='ocrx_word' id='word_1_179' title='bbox 1580 2697 1799 2757; x_wconf 91' lang='lat' dir='ltr'><strong>eodem.</strong></span> <span class='ocrx_word' id='word_1_180' title='bbox 1868 2731 1935 2741; x_wconf 90' lang='lat'><strong>—</strong></span> <span class='ocrx_word' id='word_1_181' title='bbox 1988 2696 2202 2769; x_wconf 86' lang='lat' dir='ltr'><strong>„Sicut</strong></span> <span class='ocrx_word' id='word_1_182' title='bbox 2251 2696 2648 2756; x_wconf 86' lang='lat' dir='ltr'><strong>intelleximus</strong></span> <span class='ocrx_word' id='word_1_183' title='bbox 2664 2702 2713 2755; x_wconf 89' lang='lat'><strong>“.</strong></span> <span class='ocrx_word' id='word_1_184' title='bbox 2782 2697 2838 2756; x_wconf 88' lang='lat' dir='ltr'><strong>C.</strong></span> <span class='ocrx_word' id='word_1_185' title='bbox 2887 2698 2964 2755; x_wconf 91' lang='lat'><strong>49</strong></span> 
     </span>
    </p>
   </div>
   <div class='ocr_carea' id='block_1_8' title="bbox 786 2778 3059 3146">
    <p class='ocr_par' dir='ltr' id='par_1_11' title="bbox 791 2778 2969 2970">
     <span class='ocr_line' id='line_1_25' title="bbox 791 2778 2969 2847; baseline 0.002 -4"><span class='ocrx_word' id='word_1_186' title='bbox 791 2784 890 2845; x_wconf 87' lang='lat' dir='ltr'><strong>fol.</strong></span> <span class='ocrx_word' id='word_1_187' title='bbox 924 2778 1059 2845; x_wconf 72' lang='lat'><strong>92¹³.</strong></span> <span class='ocrx_word' id='word_1_188' title='bbox 2843 2791 2969 2847; x_wconf 81' lang='grc'><strong>734</strong></span> 
     </span>
     <span class='ocr_line' id='line_1_26' title="bbox 921 2892 2968 2970; baseline 0.001 -20"><span class='ocrx_word' id='word_1_189' title='bbox 921 2922 1001 2934; x_wconf 93' lang='lat'><em>-</em></span> <span class='ocrx_word' id='word_1_190' title='bbox 1134 2892 1395 2967; x_wconf 61' lang='lat' dir='ltr'><strong>Eisdem.</strong></span> <span class='ocrx_word' id='word_1_191' title='bbox 1414 2892 1500 2951; x_wconf 92' lang='lat' dir='ltr'><strong>De</strong></span> <span class='ocrx_word' id='word_1_192' title='bbox 1517 2892 1734 2964; x_wconf 89' lang='lat' dir='ltr'><strong>eodem,</strong></span> <span class='ocrx_word' id='word_1_193' title='bbox 1767 2893 1943 2968; x_wconf 87' lang='lat' dir='ltr'><strong>„quia</strong></span> <span class='ocrx_word' id='word_1_194' title='bbox 1970 2892 2206 2951; x_wconf 83' lang='lat' dir='ltr'><strong>nullum</strong></span> <span class='ocrx_word' id='word_1_195' title='bbox 2236 2911 2412 2969; x_wconf 90' lang='lat' dir='ltr'><strong>super</strong></span> <span class='ocrx_word' id='word_1_196' title='bbox 2440 2894 2553 2952; x_wconf 88' lang='lat' dir='ltr'><strong>hiis</strong></span> <span class='ocrx_word' id='word_1_197' title='bbox 2582 2912 2616 2951; x_wconf 87' lang='lat' dir='ltr'><strong>a</strong></span> <span class='ocrx_word' id='word_1_198' title='bbox 2645 2894 2811 2953; x_wconf 90' lang='lat' dir='ltr'><strong>vobis</strong></span> <span class='ocrx_word' id='word_1_199' title='bbox 2840 2894 2968 2970; x_wconf 89' lang='lat' dir='ltr'><strong>post</strong></span> 
     </span>
    </p>

    <p class='ocr_par' dir='ltr' id='par_1_12' title="bbox 786 2981 2970 3058">
     <span class='ocr_line' id='line_1_27' title="bbox 786 2981 2970 3058; baseline -0 -18"><span class='ocrx_word' id='word_1_200' title='bbox 786 2983 878 3040; x_wconf 91' lang='lat' dir='ltr'><strong>tot</strong></span> <span class='ocrx_word' id='word_1_201' title='bbox 921 2983 1148 3040; x_wconf 86' lang='lat' dir='ltr'><strong>nostras</strong></span> <span class='ocrx_word' id='word_1_202' title='bbox 1191 2981 1610 3056; x_wconf 90' lang='lat' dir='ltr'><strong>multiplicatas</strong></span> <span class='ocrx_word' id='word_1_203' title='bbox 1652 2982 1878 3041; x_wconf 81' lang='lat' dir='ltr'><strong>litteras</strong></span> <span class='ocrx_word' id='word_1_204' title='bbox 1923 2999 2269 3057; x_wconf 90' lang='lat' dir='ltr'><strong>responsum</strong></span> <span class='ocrx_word' id='word_1_205' title='bbox 2312 2983 2688 3058; x_wconf 88' lang='lat' dir='ltr'><strong>accepimus“.</strong></span> <span class='ocrx_word' id='word_1_206' title='bbox 2727 3016 2811 3027; x_wconf 91' lang='lat'>—</span> <span class='ocrx_word' id='word_1_207' title='bbox 2846 2981 2970 3054; x_wconf 89' lang='lat' dir='ltr'><strong>„Ad</strong></span> 
     </span>
    </p>

    <p class='ocr_par' dir='ltr' id='par_1_13' title="bbox 789 3070 3059 3146">
     <span class='ocr_line' id='line_1_28' title="bbox 789 3070 3059 3146; baseline 0.001 -18"><span class='ocrx_word' id='word_1_208' title='bbox 789 3070 982 3146; x_wconf 86' lang='lat' dir='ltr'><strong>majus</strong></span> <span class='ocrx_word' id='word_1_209' title='bbox 1012 3070 1438 3146; x_wconf 87' lang='lat' dir='ltr'><strong>exprimende“.</strong></span> <span class='ocrx_word' id='word_1_210' title='bbox 1484 3070 1794 3130; x_wconf 90' lang='lat' dir='ltr'><strong>Ibidem.</strong></span> <span class='ocrx_word' id='word_1_211' title='bbox 2845 3075 2969 3132; x_wconf 80' lang='grc'><strong>735</strong></span> <span class='ocrx_word' id='word_1_212' title='bbox 3049 3088 3059 3098; x_wconf 90' lang='grc'><em>·</em></span> 
     </span>
    </p>
   </div>
   <div class='ocr_carea' id='block_1_9' title="bbox 786 3176 2971 3519">
    <p class='ocr_par' dir='ltr' id='par_1_14' title="bbox 786 3176 2971 3519">
     <span class='ocr_line' id='line_1_29' title="bbox 912 3176 2966 3239; baseline 0 -3"><span class='ocrx_word' id='word_1_213' title='bbox 912 3211 1000 3221; x_wconf 95' lang='grc'><strong>--</strong></span> <span class='ocrx_word' id='word_1_214' title='bbox 1134 3177 1283 3236; x_wconf 91' lang='lat' dir='ltr'><strong>Duci</strong></span> <span class='ocrx_word' id='word_1_215' title='bbox 1315 3178 1685 3237; x_wconf 87' lang='lat' dir='ltr'><strong>Venetorum.</strong></span> <span class='ocrx_word' id='word_1_216' title='bbox 1732 3178 1818 3236; x_wconf 91' lang='lat' dir='ltr'><strong>De</strong></span> <span class='ocrx_word' id='word_1_217' title='bbox 1857 3176 2075 3236; x_wconf 91' lang='lat' dir='ltr'><strong>eodem.</strong></span> <span class='ocrx_word' id='word_1_218' title='bbox 2124 3178 2269 3235; x_wconf 85' lang='lat' dir='ltr'><strong>Cum</strong></span> <span class='ocrx_word' id='word_1_219' title='bbox 2300 3178 2374 3236; x_wconf 87' lang='lat' dir='ltr'><strong>ad</strong></span> <span class='ocrx_word' id='word_1_220' title='bbox 2403 3178 2591 3237; x_wconf 89' lang='lat' dir='ltr'><strong>varias</strong></span> <span class='ocrx_word' id='word_1_221' title='bbox 2616 3178 2848 3239; x_wconf 89' lang='lat' dir='ltr'><strong>litteras</strong></span> <span class='ocrx_word' id='word_1_222' title='bbox 2875 3196 2966 3236; x_wconf 91' lang='lat' dir='ltr'><strong>re-</strong></span> 
     </span>
     <span class='ocr_line' id='line_1_30' title="bbox 786 3265 2970 3342; baseline 0 -18"><span class='ocrx_word' id='word_1_223' title='bbox 786 3265 1068 3342; x_wconf 90' lang='lat' dir='ltr'><strong>spondere</strong></span> <span class='ocrx_word' id='word_1_224' title='bbox 1088 3267 1367 3325; x_wconf 86' lang='lat' dir='ltr'><strong>hactenus</strong></span> <span class='ocrx_word' id='word_1_225' title='bbox 1393 3285 1513 3325; x_wconf 95' lang='lat' dir='ltr'><strong>non</strong></span> <span class='ocrx_word' id='word_1_226' title='bbox 1541 3268 1848 3340; x_wconf 89' lang='lat' dir='ltr'><strong>curaverit,</strong></span> <span class='ocrx_word' id='word_1_227' title='bbox 1879 3267 2150 3325; x_wconf 88' lang='lat' dir='ltr'><strong>mandata</strong></span> <span class='ocrx_word' id='word_1_228' title='bbox 2176 3267 2619 3342; x_wconf 88' lang='lat' dir='ltr'><strong>reprehensibili</strong></span> <span class='ocrx_word' id='word_1_229' title='bbox 2649 3267 2881 3326; x_wconf 91' lang='lat' dir='ltr'><strong>silentio</strong></span> <span class='ocrx_word' id='word_1_230' title='bbox 2910 3268 2970 3326; x_wconf 92' lang='lat' dir='ltr'><strong>et</strong></span> 
     </span>
     <span class='ocr_line' id='line_1_31' title="bbox 787 3355 2968 3434; baseline -0 -19"><span class='ocrx_word' id='word_1_231' title='bbox 787 3355 1145 3432; x_wconf 89' lang='lat' dir='ltr'><strong>dampnabili</strong></span> <span class='ocrx_word' id='word_1_232' title='bbox 1163 3357 1522 3415; x_wconf 89' lang='lat' dir='ltr'><strong>contumacia</strong></span> <span class='ocrx_word' id='word_1_233' title='bbox 1539 3356 1910 3433; x_wconf 91' lang='lat' dir='ltr'><strong>negligendo,</strong></span> <span class='ocrx_word' id='word_1_234' title='bbox 1939 3356 2193 3428; x_wconf 89' lang='lat' dir='ltr'><strong>mandat,</strong></span> <span class='ocrx_word' id='word_1_235' title='bbox 2211 3357 2283 3414; x_wconf 90' lang='lat' dir='ltr'><strong>ut</strong></span> <span class='ocrx_word' id='word_1_236' title='bbox 2300 3376 2334 3414; x_wconf 90' lang='lat' dir='ltr'><strong>a</strong></span> <span class='ocrx_word' id='word_1_237' title='bbox 2350 3357 2606 3415; x_wconf 87' lang='lat' dir='ltr'><strong>tractatu</strong></span> <span class='ocrx_word' id='word_1_238' title='bbox 2621 3358 2968 3434; x_wconf 84' lang='lat' dir='ltr'><strong>treugarum</strong></span> 
     </span>
     <span class='ocr_line' id='line_1_32' title="bbox 787 3444 2971 3519; baseline 0.001 -16"><span class='ocrx_word' id='word_1_239' title='bbox 787 3444 1040 3504; x_wconf 88' lang='lat' dir='ltr'><strong>desistat.</strong></span> <span class='ocrx_word' id='word_1_240' title='bbox 1075 3479 1159 3488; x_wconf 89' lang='lat'><strong>--</strong></span> <span class='ocrx_word' id='word_1_241' title='bbox 1193 3446 1313 3519; x_wconf 89' lang='lat' dir='ltr'><strong>„De</strong></span> <span class='ocrx_word' id='word_1_242' title='bbox 1343 3447 1450 3505; x_wconf 88' lang='lat' dir='ltr'><strong>tua</strong></span> <span class='ocrx_word' id='word_1_243' title='bbox 1479 3445 1565 3504; x_wconf 88' lang='lat' dir='ltr'><strong>fili</strong></span> <span class='ocrx_word' id='word_1_244' title='bbox 1600 3445 1996 3505; x_wconf 85' lang='lat' dir='ltr'><strong>discretione“.</strong></span> <span class='ocrx_word' id='word_1_245' title='bbox 2044 3444 2356 3504; x_wconf 91' lang='lat' dir='ltr'><strong>Ibidem.</strong></span> <span class='ocrx_word' id='word_1_246' title='bbox 2841 3450 2971 3506; x_wconf 83' lang='grc'><strong>’136</strong></span> 
     </span>
    </p>
   </div>
   <div class='ocr_carea' id='block_1_10' title="bbox 914 3551 2966 3628">
    <p class='ocr_par' dir='ltr' id='par_1_15' title="bbox 914 3551 2966 3628">
     <span class='ocr_line' id='line_1_33' title="bbox 914 3551 2966 3628; baseline 0 -18"><span class='ocrx_word' id='word_1_247' title='bbox 914 3584 1003 3595; x_wconf 95' lang='grc'>-</span> <span class='ocrx_word' id='word_1_248' title='bbox 1135 3553 1334 3612; x_wconf 89' lang='lat' dir='ltr'><strong>Nobili</strong></span> <span class='ocrx_word' id='word_1_249' title='bbox 1352 3553 1477 3613; x_wconf 85' lang='lat' dir='ltr'><strong>viro</strong></span> <span class='ocrx_word' id='word_1_250' title='bbox 1495 3554 1671 3612; x_wconf 88' lang='lat' dir='ltr'><strong>Petro</strong></span> <span class='ocrx_word' id='word_1_251' title='bbox 1692 3552 1900 3628; x_wconf 81' lang='lat' dir='ltr'><strong>&#39;l&#39;epilli</strong></span> <span class='ocrx_word' id='word_1_252' title='bbox 1917 3554 2054 3611; x_wconf 87' lang='lat' dir='ltr'><strong>nato</strong></span> <span class='ocrx_word' id='word_1_253' title='bbox 2074 3551 2240 3611; x_wconf 89' lang='lat' dir='ltr'><strong>ducis</strong></span> <span class='ocrx_word' id='word_1_254' title='bbox 2257 3552 2628 3612; x_wconf 89' lang='lat' dir='ltr'><strong>Venetorum.</strong></span> <span class='ocrx_word' id='word_1_255' title='bbox 2648 3551 2736 3610; x_wconf 90' lang='lat' dir='ltr'><strong>De</strong></span> <span class='ocrx_word' id='word_1_256' title='bbox 2752 3551 2966 3611; x_wconf 90' lang='lat' dir='ltr'><strong>eodem.</strong></span> 
     </span>
    </p>
   </div>
   <div class='ocr_carea' id='block_1_11' title="bbox 789 3641 3086 3717">
    <p class='ocr_par' dir='ltr' id='par_1_16' title="bbox 789 3641 3086 3717">
     <span class='ocr_line' id='line_1_34' title="bbox 789 3641 3086 3717; baseline -0 -18"><span class='ocrx_word' id='word_1_257' title='bbox 789 3642 935 3700; x_wconf 90' lang='lat' dir='ltr'><strong>Cum</strong></span> <span class='ocrx_word' id='word_1_258' title='bbox 964 3641 1037 3699; x_wconf 87' lang='lat' dir='ltr'><strong>ad</strong></span> <span class='ocrx_word' id='word_1_259' title='bbox 1065 3641 1293 3701; x_wconf 87' lang='lat' dir='ltr'><strong>litteras</strong></span> <span class='ocrx_word' id='word_1_260' title='bbox 1321 3643 1509 3702; x_wconf 89' lang='lat' dir='ltr'><strong>varias</strong></span> <span class='ocrx_word' id='word_1_261' title='bbox 1539 3643 1612 3701; x_wconf 92' lang='lat' dir='ltr'><strong>ad</strong></span> <span class='ocrx_word' id='word_1_262' title='bbox 1641 3642 1849 3700; x_wconf 87' lang='lat' dir='ltr'><strong>ducem</strong></span> <span class='ocrx_word' id='word_1_263' title='bbox 1868 3641 1928 3699; x_wconf 90' lang='lat' dir='ltr'><strong>et</strong></span> <span class='ocrx_word' id='word_1_264' title='bbox 1944 3659 2249 3700; x_wconf 90' lang='lat' dir='ltr'><strong>commune</strong></span> <span class='ocrx_word' id='word_1_265' title='bbox 2267 3641 2512 3700; x_wconf 82' lang='lat' dir='ltr'><strong>directas</strong></span> <span class='ocrx_word' id='word_1_266' title='bbox 2540 3642 2972 3717; x_wconf 89' lang='lat' dir='ltr'><strong>responsionem</strong></span> <span class='ocrx_word' id='word_1_267' title='bbox 3073 3672 3086 3680; x_wconf 85' lang='lat'><strong>·</strong></span> 
     </span>
    </p>
   </div>
   <div class='ocr_carea' id='block_1_12' title="bbox 783 3730 2969 4160">
    <p class='ocr_par' dir='ltr' id='par_1_17' title="bbox 783 3730 2969 4160">
     <span class='ocr_line' id='line_1_35' title="bbox 786 3730 2963 3808; baseline 0 -19"><span class='ocrx_word' id='word_1_268' title='bbox 786 3731 1067 3790; x_wconf 89' lang='lat' dir='ltr'><strong>hactenus</strong></span> <span class='ocrx_word' id='word_1_269' title='bbox 1110 3749 1230 3789; x_wconf 95' lang='lat' dir='ltr'><strong>non</strong></span> <span class='ocrx_word' id='word_1_270' title='bbox 1271 3732 1582 3808; x_wconf 87' lang='lat' dir='ltr'><strong>receperit,</strong></span> <span class='ocrx_word' id='word_1_271' title='bbox 1614 3731 1853 3790; x_wconf 89' lang='lat' dir='ltr'><strong>mandat</strong></span> <span class='ocrx_word' id='word_1_272' title='bbox 1868 3774 1884 3803; x_wconf 93' lang='lat'><strong>,</strong></span> <span class='ocrx_word' id='word_1_273' title='bbox 1917 3730 2195 3806; x_wconf 87' lang='lat' dir='ltr'><strong>quatinus</strong></span> <span class='ocrx_word' id='word_1_274' title='bbox 2224 3748 2359 3789; x_wconf 90' lang='lat' dir='ltr'><strong>cum</strong></span> <span class='ocrx_word' id='word_1_275' title='bbox 2388 3731 2548 3789; x_wconf 87' lang='lat' dir='ltr'><strong>omni</strong></span> <span class='ocrx_word' id='word_1_276' title='bbox 2561 3773 2575 3801; x_wconf 91' lang='lat'><strong>,</strong></span> <span class='ocrx_word' id='word_1_277' title='bbox 2609 3749 2727 3805; x_wconf 88' lang='lat' dir='ltr'><strong>qua</strong></span> <span class='ocrx_word' id='word_1_278' title='bbox 2756 3731 2963 3807; x_wconf 88' lang='lat' dir='ltr'><strong>potest,</strong></span> 
     </span>
     <span class='ocr_line' id='line_1_36' title="bbox 786 3819 2969 3896; baseline -0 -18"><span class='ocrx_word' id='word_1_279' title='bbox 786 3819 1177 3879; x_wconf 90' lang='lat' dir='ltr'><strong>sollicitudine</strong></span> <span class='ocrx_word' id='word_1_280' title='bbox 1221 3838 1286 3878; x_wconf 87' lang='lat' dir='ltr'><strong>ae</strong></span> <span class='ocrx_word' id='word_1_281' title='bbox 1328 3821 1651 3880; x_wconf 87' lang='lat' dir='ltr'><strong>attentione</strong></span> <span class='ocrx_word' id='word_1_282' title='bbox 1698 3820 1922 3878; x_wconf 87' lang='lat' dir='ltr'><strong>laboret</strong></span> <span class='ocrx_word' id='word_1_283' title='bbox 1936 3862 1950 3890; x_wconf 91' lang='lat'><strong>,</strong></span> <span class='ocrx_word' id='word_1_284' title='bbox 1982 3822 2054 3878; x_wconf 87' lang='lat' dir='ltr'><strong>ut</strong></span> <span class='ocrx_word' id='word_1_285' title='bbox 2082 3820 2382 3890; x_wconf 77' lang='lat' dir='ltr'><strong>tractatuS,</strong></span> <span class='ocrx_word' id='word_1_286' title='bbox 2416 3820 2522 3894; x_wconf 80' lang='lat' dir='ltr'><strong>qui</strong></span> <span class='ocrx_word' id='word_1_287' title='bbox 2551 3837 2729 3896; x_wconf 90' lang='lat' dir='ltr'><strong>super</strong></span> <span class='ocrx_word' id='word_1_288' title='bbox 2758 3820 2969 3895; x_wconf 87' lang='lat' dir='ltr'><strong>hujus—</strong></span> 
     </span>
     <span class='ocr_line' id='line_1_37' title="bbox 789 3909 2966 3986; baseline 0 -20"><span class='ocrx_word' id='word_1_289' title='bbox 789 3909 946 3967; x_wconf 90' lang='lat' dir='ltr'><strong>modi</strong></span> <span class='ocrx_word' id='word_1_290' title='bbox 988 3909 1216 3986; x_wconf 85' lang='lat' dir='ltr'><strong>treugis</strong></span> <span class='ocrx_word' id='word_1_291' title='bbox 1246 3910 1401 3967; x_wconf 89' lang='lat' dir='ltr'><strong>inter</strong></span> <span class='ocrx_word' id='word_1_292' title='bbox 1431 3910 1585 3986; x_wconf 88' lang='lat' dir='ltr'><strong>ipsos</strong></span> <span class='ocrx_word' id='word_1_293' title='bbox 1616 3909 1822 3967; x_wconf 88' lang='lat' dir='ltr'><strong>ducem</strong></span> <span class='ocrx_word' id='word_1_294' title='bbox 1851 3911 1911 3967; x_wconf 92' lang='lat' dir='ltr'><strong>et</strong></span> <span class='ocrx_word' id='word_1_295' title='bbox 1940 3926 2245 3967; x_wconf 91' lang='lat' dir='ltr'><strong>commune</strong></span> <span class='ocrx_word' id='word_1_296' title='bbox 2275 3926 2345 3967; x_wconf 88' lang='lat' dir='ltr'><strong>ex</strong></span> <span class='ocrx_word' id='word_1_297' title='bbox 2374 3910 2541 3984; x_wconf 89' lang='lat' dir='ltr'><strong>parte</strong></span> <span class='ocrx_word' id='word_1_298' title='bbox 2569 3927 2690 3967; x_wconf 89' lang='lat' dir='ltr'><strong>una</strong></span> <span class='ocrx_word' id='word_1_299' title='bbox 2720 3910 2782 3968; x_wconf 91' lang='lat' dir='ltr'><strong>et</strong></span> <span class='ocrx_word' id='word_1_300' title='bbox 2811 3928 2966 3967; x_wconf 91' lang='lat' dir='ltr'><strong>nun-</strong></span> 
     </span>
     <span class='ocr_line' id='line_1_38' title="bbox 783 3997 2968 4076; baseline 0.001 -22"><span class='ocrx_word' id='word_1_301' title='bbox 783 3999 897 4056; x_wconf 69' lang='lat' dir='ltr'><strong>tios</strong></span> <span class='ocrx_word' id='word_1_302' title='bbox 928 3998 1223 4075; x_wconf 90' lang='lat' dir='ltr'><strong>Paleologi</strong></span> <span class='ocrx_word' id='word_1_303' title='bbox 1256 4017 1360 4057; x_wconf 87' lang='lat' dir='ltr'><strong>seu</strong></span> <span class='ocrx_word' id='word_1_304' title='bbox 1388 3998 1584 4074; x_wconf 89' lang='lat' dir='ltr'><strong>ipsum</strong></span> <span class='ocrx_word' id='word_1_305' title='bbox 1613 3998 1992 4076; x_wconf 89' lang='lat' dir='ltr'><strong>Paleologum</strong></span> <span class='ocrx_word' id='word_1_306' title='bbox 2022 4016 2090 4056; x_wconf 87' lang='lat' dir='ltr'><strong>ex</strong></span> <span class='ocrx_word' id='word_1_307' title='bbox 2121 3998 2302 4056; x_wconf 83' lang='lat' dir='ltr'><strong>altera</strong></span> <span class='ocrx_word' id='word_1_308' title='bbox 2332 3997 2533 4056; x_wconf 88' lang='lat' dir='ltr'><strong>haberi</strong></span> <span class='ocrx_word' id='word_1_309' title='bbox 2563 3997 2794 4069; x_wconf 88' lang='lat' dir='ltr'><strong>dicitur,</strong></span> <span class='ocrx_word' id='word_1_310' title='bbox 2835 4015 2968 4073; x_wconf 90' lang='lat' dir='ltr'><strong>pre—</strong></span> 
     </span>
     <span class='ocr_line' id='line_1_39' title="bbox 787 4086 2968 4160; baseline 0 -14"><span class='ocrx_word' id='word_1_311' title='bbox 787 4088 1017 4146; x_wconf 88' lang='lat' dir='ltr'><strong>cidatur</strong></span> <span class='ocrx_word' id='word_1_312' title='bbox 1047 4088 1298 4147; x_wconf 89' lang='lat' dir='ltr'><strong>omnin0.</strong></span> <span class='ocrx_word' id='word_1_313' title='bbox 1336 4121 1416 4132; x_wconf 89' lang='lat'><em>-</em></span> <span class='ocrx_word' id='word_1_314' title='bbox 1451 4087 1688 4160; x_wconf 88' lang='lat' dir='ltr'><strong>„Nostri</strong></span> <span class='ocrx_word' id='word_1_315' title='bbox 1718 4087 1856 4146; x_wconf 88' lang='lat' dir='ltr'><strong>fili“.</strong></span> <span class='ocrx_word' id='word_1_316' title='bbox 1906 4087 1962 4145; x_wconf 87' lang='lat' dir='ltr'><strong>C.</strong></span> <span class='ocrx_word' id='word_1_317' title='bbox 1998 4087 2079 4145; x_wconf 91' lang='lat'><strong>49</strong></span> <span class='ocrx_word' id='word_1_318' title='bbox 2114 4086 2211 4146; x_wconf 90' lang='lat' dir='ltr'><strong>fol.</strong></span> <span class='ocrx_word' id='word_1_319' title='bbox 2247 4088 2349 4146; x_wconf 85' lang='lat'><strong>93.</strong></span> <span class='ocrx_word' id='word_1_320' title='bbox 2846 4092 2968 4147; x_wconf 97' lang='grc'><strong>737</strong></span> 
     </span>
    </p>
   </div>
   <div class='ocr_carea' id='block_1_13' title="bbox 781 4192 2969 4539">
    <p class='ocr_par' dir='ltr' id='par_1_18' title="bbox 781 4192 2969 4539">
     <span class='ocr_line' id='line_1_40' title="bbox 907 4192 2969 4270; baseline 0 -18"><span class='ocrx_word' id='word_1_321' title='bbox 907 4227 996 4238; x_wconf 91' lang='grc'><strong>-</strong></span> <span class='ocrx_word' id='word_1_322' title='bbox 1130 4194 1330 4253; x_wconf 85' lang='lat' dir='ltr'><strong>Nobili</strong></span> <span class='ocrx_word' id='word_1_323' title='bbox 1347 4193 1473 4253; x_wconf 86' lang='lat' dir='ltr'><strong>viro</strong></span> <span class='ocrx_word' id='word_1_324' title='bbox 1491 4192 1830 4270; x_wconf 81' lang='lat' dir='ltr'><strong>Baldevyno</strong></span> <span class='ocrx_word' id='word_1_325' title='bbox 1851 4194 1921 4252; x_wconf 88' lang='lat' dir='ltr'><strong>de</strong></span> <span class='ocrx_word' id='word_1_326' title='bbox 1939 4193 2235 4263; x_wconf 77' lang='lat' dir='ltr'><strong>AvesineS,</strong></span> <span class='ocrx_word' id='word_1_327' title='bbox 2267 4194 2371 4268; x_wconf 91' lang='lat' dir='ltr'><strong>qui</strong></span> <span class='ocrx_word' id='word_1_328' title='bbox 2400 4212 2551 4270; x_wconf 89' lang='lat' dir='ltr'><strong>pape</strong></span> <span class='ocrx_word' id='word_1_329' title='bbox 2581 4211 2642 4252; x_wconf 90' lang='lat' dir='ltr'><strong>se</strong></span> <span class='ocrx_word' id='word_1_330' title='bbox 2660 4193 2969 4266; x_wconf 88' lang='lat' dir='ltr'><strong>obtulerat,</strong></span> 
     </span>
     <span class='ocr_line' id='line_1_41' title="bbox 781 4273 2969 4359; baseline -0 -17"><span class='ocrx_word' id='word_1_331' title='bbox 781 4273 1124 4359; x_wconf 80' lang='lat' dir='ltr'><strong>respondet:</strong></span> <span class='ocrx_word' id='word_1_332' title='bbox 1157 4283 1348 4354; x_wconf 88' lang='lat' dir='ltr'><strong>„Scire</strong></span> <span class='ocrx_word' id='word_1_333' title='bbox 1391 4284 1452 4341; x_wconf 91' lang='lat' dir='ltr'><strong>te</strong></span> <span class='ocrx_word' id='word_1_334' title='bbox 1500 4283 1776 4342; x_wconf 89' lang='lat' dir='ltr'><strong>volumus</strong></span> <span class='ocrx_word' id='word_1_335' title='bbox 1791 4326 1805 4354; x_wconf 91' lang='lat'><strong>,</strong></span> <span class='ocrx_word' id='word_1_336' title='bbox 1853 4282 2011 4358; x_wconf 90' lang='lat' dir='ltr'><strong>quod</strong></span> <span class='ocrx_word' id='word_1_337' title='bbox 2052 4300 2358 4359; x_wconf 89' lang='lat' dir='ltr'><strong>personam</strong></span> <span class='ocrx_word' id='word_1_338' title='bbox 2386 4284 2552 4341; x_wconf 91' lang='lat' dir='ltr'><strong>tuam</strong></span> <span class='ocrx_word' id='word_1_339' title='bbox 2582 4285 2879 4359; x_wconf 85' lang='lat' dir='ltr'><strong>gestantes</strong></span> <span class='ocrx_word' id='word_1_340' title='bbox 2907 4284 2969 4341; x_wconf 91' lang='lat' dir='ltr'><strong>in</strong></span> 
     </span>
     <span class='ocr_line' id='line_1_42' title="bbox 784 4372 2964 4449; baseline -0 -18"><span class='ocrx_word' id='word_1_341' title='bbox 784 4372 1102 4432; x_wconf 87' lang='lat' dir='ltr'><strong>visceribus</strong></span> <span class='ocrx_word' id='word_1_342' title='bbox 1121 4372 1393 4444; x_wconf 80' lang='lat' dir='ltr'><strong>caritatiS,</strong></span> <span class='ocrx_word' id='word_1_343' title='bbox 1425 4389 1560 4430; x_wconf 89' lang='lat' dir='ltr'><strong>cum</strong></span> <span class='ocrx_word' id='word_1_344' title='bbox 1576 4390 1670 4430; x_wconf 90' lang='lat' dir='ltr'><strong>res</strong></span> <span class='ocrx_word' id='word_1_345' title='bbox 1689 4372 1961 4449; x_wconf 87' lang='lat' dir='ltr'><strong>exegerit,</strong></span> <span class='ocrx_word' id='word_1_346' title='bbox 1991 4373 2052 4431; x_wconf 89' lang='lat' dir='ltr'><strong>te</strong></span> <span class='ocrx_word' id='word_1_347' title='bbox 2069 4373 2135 4430; x_wconf 94' lang='lat' dir='ltr'><strong>in</strong></span> <span class='ocrx_word' id='word_1_348' title='bbox 2163 4372 2376 4431; x_wconf 88' lang='lat' dir='ltr'><strong>nostris</strong></span> <span class='ocrx_word' id='word_1_349' title='bbox 2404 4372 2783 4447; x_wconf 85' lang='lat' dir='ltr'><strong>beneplacitis</strong></span> <span class='ocrx_word' id='word_1_350' title='bbox 2813 4373 2964 4431; x_wconf 85' lang='lat' dir='ltr'><strong>fidu-</strong></span> 
     </span>
     <span class='ocr_line' id='line_1_43' title="bbox 786 4461 2969 4539; baseline 0 -19"><span class='ocrx_word' id='word_1_351' title='bbox 786 4462 1010 4520; x_wconf 89' lang='lat' dir='ltr'><strong>cialiter</strong></span> <span class='ocrx_word' id='word_1_352' title='bbox 1036 4462 1456 4537; x_wconf 90' lang='lat' dir='ltr'><strong>requiremus“.</strong></span> <span class='ocrx_word' id='word_1_353' title='bbox 1491 4495 1574 4505; x_wconf 92' lang='lat'><strong>—-</strong></span> <span class='ocrx_word' id='word_1_354' title='bbox 1607 4462 1909 4539; x_wconf 84' lang='lat' dir='ltr'><strong>„Benigno</strong></span> <span class='ocrx_word' id='word_1_355' title='bbox 1940 4461 2201 4519; x_wconf 89' lang='lat' dir='ltr'><strong>affectu“.</strong></span> <span class='ocrx_word' id='word_1_356' title='bbox 2251 4462 2305 4519; x_wconf 87' lang='lat' dir='ltr'><strong>C.</strong></span> <span class='ocrx_word' id='word_1_357' title='bbox 2340 4462 2422 4519; x_wconf 93' lang='lat'><strong>49</strong></span> <span class='ocrx_word' id='word_1_358' title='bbox 2455 4461 2552 4519; x_wconf 58' lang='lat' dir='ltr'><strong>fola</strong></span> <span class='ocrx_word' id='word_1_359' title='bbox 2588 4462 2688 4519; x_wconf 86' lang='lat'><strong>93.</strong></span> <span class='ocrx_word' id='word_1_360' title='bbox 2841 4466 2969 4522; x_wconf 85' lang='grc'><strong>733</strong></span> 
     </span>
    </p>
   </div>
   <div class='ocr_carea' id='block_1_14' title="bbox 3235 1211 3247 2248">
    <p class='ocr_par' dir='ltr' id='par_1_19' title="bbox 3235 1211 3247 2248">
     <span class='ocr_line' id='line_1_44' title="bbox 3235 1211 3247 2248; baseline 0 0"><span class='ocrx_word' id='word_1_361' title='bbox 3235 1211 3247 2248; x_wconf 95' lang='lat' dir='ltr'><strong> </strong></span> 
     </span>
    </p>
   </div>
  </div>
 </body>
</html>
