3292 5100
474 433 600 495 120

465 591 813 678 igentibus,
861 594 1066 657 morte
1114 592 1489 677 turpissima
1534 591 2015 675 condempnari.
2063 591 2252 656 Unde
2300 591 2452 656 dicti
2499 595 2866 656 executores
2911 592 2982 657 in

466 682 863 765 sepedictum
908 682 977 745 L.
995 731 1009 760 ,
1058 683 1209 766 quia
1253 682 1576 746 mandatis
1627 682 1867 746 eisdem
1930 681 2188 745 obedire
2246 682 2708 746 contumaciter
2765 682 2984 746 renuit

467 773 533 836 et
576 771 648 835 in
696 771 1081 835 adherentes
1130 771 1366 849 eidem,
1427 772 1497 834 in
1556 772 1678 835 hoc
1732 771 2039 835 canonica
2085 771 2440 835 monitione
2487 772 2820 855 premissa,
2868 794 2980 835 ex-

463 861 1059 925 communicationis
1119 861 1511 925 sententiam
1529 910 1545 938 ,
1607 860 1910 946 exigente
1965 860 2218 944 justitia
2235 910 2250 936 ,
2315 862 2815 946 promulgarunt
2834 911 2848 939 ,
2910 883 2982 925 ac

465 950 669 1015 dictus
716 950 1084 1034 prepositus
1130 950 1201 1014 in
1233 949 1637 1027 Germerode,
1679 949 1924 1035 gratias
1958 951 2024 1013 et
2053 950 2363 1014 beneficia
2393 972 2703 1015 revocans
2737 950 2977 1029 eadem,

463 1041 680 1124 ipsum
725 1039 811 1117 L,
857 1042 1170 1124 tanquam
1214 1042 1547 1125 ingratum
1592 1040 1719 1103 illis
1767 1039 2108 1123 privatum,
2148 1040 2336 1123 juxta
2379 1040 2654 1104 formam
2688 1040 2812 1104 sibi
2843 1042 2977 1104 tra-

465 1129 666 1193 ditam
712 1129 1045 1193 nunciavit
1088 1130 1158 1193 in
1204 1129 1699 1194 contradictores
1748 1128 2418 1196 excommunicationis
2469 1130 2795 1194 sententia
2826 1151 2979 1214 pro-

464 1219 786 1303 mulgata:
831 1221 905 1281 tu
952 1219 1147 1282 etiam
1192 1220 1262 1282 in
1311 1220 1605 1295 abbates,
1662 1218 1941 1302 prioreS,
1988 1218 2302 1301 prelatos,
2351 1220 2690 1283 canonicos
2741 1222 2806 1283 et
2851 1219 2978 1282 cle-

463 1309 626 1373 ricos
671 1308 1235 1372 Halberstadensis
1300 1309 1577 1372 civitatis
1643 1310 1710 1371 et
1769 1307 2053 1384 diocesis,
2101 1329 2220 1371 nec
2265 1329 2397 1370 non
2446 1310 2512 1371 et
2556 1309 2865 1373 vassallos
2913 1312 2979 1372 et

464 1397 921 1461 ministeriales
967 1398 1172 1481 ipsius
1221 1398 1478 1462 ecclesie
1512 1396 2091 1474 HalberstadensiS,
2140 1397 2290 1481 quia
2336 1397 2459 1461 tibi
2505 1418 2634 1463 11011
2678 1398 2978 1462 1111011ἅο-

463 1487 654 1563 bant,
715 1486 826 1550 sed
888 1488 1101 1570 potius
1161 1490 1384 1551 contra
1444 1489 1508 1550 te
1569 1487 1878 1550 favebant
1936 1485 2213 1549 Ludulfo
2273 1487 2589 1570 predictO,
2671 1488 2979 1551 canonica

464 1576 819 1640 monitione
866 1577 1181 1660 premissa
1226 1579 1362 1640 tam
1407 1575 1611 1660 ipsius
1660 1575 1932 1659 predicti
1996 1578 2346 1659 antequam
2409 1576 2672 1660 propria
2736 1577 2979 1642 similes

465 1665 821 1730 sententias
853 1667 1196 1749 protulisti.
1275 1665 1438 1746 Quia
1485 1684 1631 1730 vero
1680 1665 1831 1729 dicti
1878 1666 2142 1730 abbates
2192 1669 2258 1730 et
2304 1665 2414 1729 alii
2461 1689 2499 1729 a
2544 1688 2661 1729 sua
2709 1670 2981 1751 propter

463 1755 583 1819 hoc
642 1754 999 1838 pertinacia
1058 1755 1322 1819 minime
1384 1755 1801 1838 resipiscunt,
1867 1757 1938 1818 ut
2002 1776 2177 1838 pena
2235 1754 2503 1820 docente
2568 1758 2979 1840 cognoscant,

465 1866 659 1929 quam
702 1844 1114 1909 temerarium
1161 1846 1261 1920 sit,
1308 1845 1543 1929 prelati
1598 1866 1730 1907 non
1792 1844 2048 1908 obedire
2109 1843 2459 1922 mandatis,
2522 1865 2658 1923 eos,
2722 1845 2779 1908 si
2827 1868 2864 1909 a
2908 1847 2975 1908 te

463 1933 695 1998 moniti
740 1934 1088 2018 diligenter
1129 1935 1280 2012 tibi,
1342 1939 1414 1998 ut
1459 1934 1632 2018 patri
1680 1936 1746 1997 et
1789 1934 2035 2017 pastori
2080 1934 2441 1997 animarum
2487 1955 2747 1998 suarum
2764 1984 2778 2011 ,
2841 1955 2977 1999 non

464 2023 826 2088 obedierint
873 2045 945 2086 ac
987 2024 1393 2088 intenderint
1425 2026 1491 2087 et
1521 2023 1893 2089 destiterint
1924 2044 2186 2106 prorsus
2221 2046 2257 2086 a
2288 2023 2688 2107 prestatione
2734 2023 2978 2088 favoris

463 2112 741 2177 Ludulfo
789 2111 1094 2196 predicto,
1141 2114 1442 2198 privandi
1488 2113 1618 2177 suis
1666 2112 2125 2197 dignitatibus,
2187 2112 2565 2196 prelaturiS,
2628 2112 2978 2196 prebendis

467 2204 534 2266 et
575 2202 931 2279 beneficiiS,
995 2224 1118 2286 que
1165 2203 1236 2266 in
1282 2202 1692 2267 monasteriis
1740 2204 1806 2265 et
1852 2201 2130 2265 ecclesiis
2179 2201 2547 2266 earumdem
2594 2201 2868 2266 civitatis
2915 2205 2981 2266 et

466 2290 732 2355 diocesis
764 2292 1031 2368 obtinet,
1078 2313 1197 2356 nec
1228 2315 1361 2357 non
1393 2296 1459 2356 et
1489 2290 1933 2374 compescendi
1970 2290 2465 2355 contradictores
2513 2312 2631 2375 per
2675 2313 2978 2356 censuras

467 2381 726 2445 ecclesie
775 2380 1120 2464 apostolice
1152 2385 1527 2460 reservatas,
1576 2381 1847 2444 remissa
1877 2380 1997 2444 tibi
2031 2382 2415 2445 auctoritate
2446 2381 2777 2464 premissa,
2824 2401 2977 2445 con-

464 2471 745 2534 cedimus
793 2470 1184 2549 facultatem,
1231 2493 1528 2536 concessa
1573 2469 2028 2534 nichilominus
2088 2472 2411 2554 potestate
2472 2470 2628 2548 illis,
2690 2469 2772 2533 ad
2818 2491 2978 2555 quos

461 2560 830 2644 hujusmodi
875 2561 1283 2645 dignitatum,
1330 2562 1820 2647 prelaturarum,
1867 2560 2340 2644 prebendarum
2388 2563 2453 2625 et
2495 2560 2811 2624 bonorum
2845 2561 2974 2624 col-

462 2651 621 2713 latio
665 2650 969 2735 pertinet,
1020 2673 1095 2714 ea
1140 2655 1409 2735 propter
1454 2651 1887 2735 privationem
1931 2649 2299 2732 hujusmodi
2335 2652 2649 2734 tanquam
2680 2650 2979 2714 vacantia

464 2738 2975 2907 ξῂῖὶῖὲἒὶῑ,11111311ῒὲ1ωῂἒξῖῑῗωὼέἕὲῃὲῖᾶῗ,ῖξὶὶῗὲζῖέἑέῗξὲῃ

462 2919 633 2981 10110
681 2918 970 3002 ipsorum
1016 2852 1307 3003 supponsil
1346 2918 1769 2983 ecclesiastico
1780 2852 2154 2981 intefdiesso
2214 2939 2346 2982 non
2393 2918 2654 3002 possint
2699 2940 2820 3002 per
2865 2917 2976 2981 lit-

462 3008 636 3070 teras
697 3007 1100 3091 apostolicaS,
1161 3030 1293 3071 non
1340 3009 1649 3073 facientes
1710 3008 1974 3090 plenam
2034 3009 2100 3070 et
2159 3029 2527 3091 expressam
2588 3006 2665 3069 de
2723 3006 2976 3070 indulto

461 3096 829 3180 hujusmodi
875 3098 1301 3175 mentionem,
1364 3097 1528 3161 nulli
1573 3097 1807 3161 litteris
1854 3096 2114 3160 veritati
2161 3099 2227 3160 et
2263 3096 2517 3179 justitie
2563 3094 2974 3180 prejudican-

461 3186 634 3250 tibus
683 3209 720 3250 a
766 3187 914 3250 sede
976 3187 1325 3270 apostolica
1384 3185 1749 3270 impetratis
1812 3187 1878 3248 et
1941 3185 2137 3249 etiam
2194 3184 2638 3270 impetrandis,
2731 3185 2973 3249 Datum

463 3275 784 3359 Anagnie,
831 3275 914 3340 II.
960 3276 1042 3340 id.
1092 3276 1252 3341 Julii
1300 3298 1473 3339 anno
1526 3276 1615 3340 1⁰.

1689 3493 1748 3556 2.

635 3632 1005 3697 Alea-ander
1049 3633 1175 3700 IV.
1221 3634 1506 3712 mandat,
1552 3642 1628 3698 ut
1671 3634 2175 3718 archiepiscopus
2215 3632 2783 3717 Maqdeburqemis
2827 3632 2970 3697 Lu-

456 3738 712 3825 dulfum
757 3743 832 3804 de
864 3739 1105 3804 Sladen,
1148 3742 1473 3805 intrusum
1520 3743 2023 3805 eoecommunicet.
2071 3743 2150 3824 of.
2201 3740 2322 3805 Nr.
2363 3744 2468 3805 37.
2557 3740 2970 3824 Amqme,

458 3848 671 3915 1255
718 3851 899 3916 Jul.
946 3848 1076 3914 14.

636 3989 1132 4075 Archiepiscopo
1164 3988 1730 4074 Magdeburgensi.
1798 3989 2086 4054 Dilectus
2131 3988 2300 4053 filius
2351 3987 2683 4064 VolraduS,
2733 3987 2971 4053 electus

454 4080 1032 4156 Halberstadensis,
1081 4101 1196 4142 sua
1242 4079 1790 4163 nobis'petitione
1837 4079 2160 4154 monebat,
2211 4077 2380 4162 quod
2426 4099 2571 4141 cum
2618 4076 2860 4141 dudum
2897 4077 2970 4141 in

454 4168 983 4233 Halberstadensi
1043 4167 1305 4231 ecclesia
1363 4167 1485 4232 due
1546 4168 1824 4233 fuissent
1882 4168 2256 4245 electiones,
2317 4166 2612 4231 videlicet
2672 4165 2749 4229 de
2804 4166 2969 4250 ipsc,

453 4261 608 4322 tunc
654 4258 980 4322 scolastico
1043 4260 1108 4321 et
1166 4257 1244 4320 de
1291 4256 1565 4320 Ludulfo
1625 4258 1703 4321 de
1749 4255 2014 4335 Sladen,
2077 4257 2383 4320 canonico
2441 4256 2645 4340 ipsius
2706 4256 2969 4320 ecclesie

451 4348 785 4425 celebrate,
835 4370 1030 4431 quare
1080 4346 1279 4410 felicis
1314 4346 1771 4410 recordationis
1804 4345 2282 4431 I(nnocentius)
2316 4369 2508 4430 papa,
2556 4343 2969 4429 predecessor

450 4439 685 4514 noster,
734 4436 1247 4520 procuratoribus
1294 4434 1593 4518 partium,
1643 4439 1913 4520 propter
1961 4436 2082 4499 hoc
2125 4436 2194 4499 in
2244 4435 2381 4518 ejus
2428 4434 2763 4518 presentia
2808 4456 2965 4499 con—
