3292 5100
532 437 656 499 176

528 590 680 656 lecti
723 591 843 656 filii
887 589 1122 657 nobilis
1168 590 1293 657 viri
1338 590 1628 671 Henrici,
1690 591 1936 658 domini
1980 589 2058 657 de
2109 588 2278 658 Gera
2324 589 2641 657 domicelli
2687 596 2755 658 et
2801 590 3019 658 dilecte

531 681 604 745 in
652 679 905 746 Christo
949 681 1080 746 filie
1125 680 1360 746 nobilis
1405 682 1692 747 mulieris
1738 683 1924 749 Juttc
1938 731 1953 761 ,
2000 684 2154 747 nate
2201 682 2419 747 dilecti
2461 682 2580 746 filii
2624 681 2860 748 nobilis
2905 683 3022 748 viri

531 770 794 835 Henrici
837 770 1119 849 Richem,
1166 769 1321 835 dicti
1350 770 1429 836 de
1460 773 1739 850 Plawen‚
1772 771 2101 836 domicelle
2144 772 2256 836 tue
2287 770 2571 850 diocesis,
2601 771 2833 856 petitio
2877 794 3022 837 con-

528 859 797 938 tinebat,
845 859 1014 945 quod
1061 860 1216 924 olim
1245 861 1418 925 inter
1436 860 1803 939 Hem-icum,
1850 860 2184 925 dominum
2228 860 2306 925 de
2341 858 2526 939 Gera,
2573 863 2639 925 et
2682 861 3023 926 Henricum

527 948 792 1013 Richem
852 949 1171 1033 predictos
1230 971 1461 1035 graves
1521 971 1753 1036 guerre
1815 950 1882 1015 et
1936 949 2245 1014 discordie
2305 950 2551 1014 fuerint
2564 999 2579 1028 ,
2640 953 3017 1035 procurante

525 1037 701 1122 pacis
747 1038 959 1103 emulo
1004 1038 1335 1117 suscitate,
1399 1060 1478 1104 ex
1523 1039 1754 1124 quibus
1802 1038 2103 1104 incendia
2116 1088 2132 1117 ,
2177 1039 2407 1123 rapine
2422 1088 2437 1118 ,
2484 1036 2844 1118 homicidia,
2889 1061 3018 1103 mo-

529 1128 971 1208 nasteriorum,
1018 1127 1412 1212 oppidorum,
1459 1128 1757 1193 villarum
1804 1130 1871 1192 et
1912 1130 2264 1193 castrorum
2295 1127 2773 1193 devastationes
2820 1131 2887 1193 et
2914 1128 3019 1192 de-

525 1217 909 1282 structiones
956 1219 1021 1281 31
1066 1217 1193 1281 3113
1238 1218 1409 1281 111313
1454 1217 1733 1302 plurima
1778 1218 1933 1283 sunt
1976 1219 2212 1296 secuta,
2244 1219 2311 1281 et
2340 1216 2509 1302 quod
2541 1217 2622 1282 ad
2666 1217 3020 1282 sedandum

528 1304 899 1390 hujusmodi
944 1328 1211 1393 guerras
1258 1308 1325 1370 et
1369 1306 1743 1387 discordias,
1802 1306 2245 1371 communibus
2292 1328 2511 1371 eorum
2557 1306 2777 1372 amicis
2823 1306 3021 1371 medi-

532 1396 809 1474 antibus,
854 1395 1113 1461 habitus
1159 1398 1258 1461 est
1301 1398 1610 1461 tractatus
1655 1396 1845 1461 certis
1901 1395 2109 1481 pactis
2154 1398 2221 1460 et
2263 1395 2795 1461 conventionibus
2840 1396 3021 1461 robo-

529 1487 727 1563 ratus,
773 1485 943 1570 quod
987 1485 1302 1551 Henricus
1346 1487 1540 1551 natus
1571 1488 1638 1550 et
1667 1486 1711 1551 J
1712 1488 1855 1550 utta
1898 1484 2187 1570 predicta
2230 1484 2790 1549 matrimonialiter
2833 1505 3022 1570 copu-

530 1572 765 1639 lentur.
854 1576 1095 1641 Verum
1141 1575 1294 1660 quia
1338 1574 1653 1640 Henricus
1711 1574 2079 1639 domicellus
2126 1574 2193 1638 et
2236 1574 2425 1640 ‚Iutta
2482 1573 2753 1658 predicti
2798 1577 3022 1658 quarto

527 1663 1111 1749 consanguinitatis
1158 1663 1365 1750 gradu
1409 1663 1684 1728 invicem
1730 1686 1798 1728 33
1829 1664 2045 1728 contin
2053 1666 2236 1749 gunt,
2282 1663 2765 1728 matrimonium
2800 1663 2911 1747 huj
2921 1685 3022 1727 us-

530 1752 704 1816 modi
748 1752 1126 1818 contrahere
1173 1756 1520 1838 nequeunt,
1556 1752 2050 1854 dispensatione
2097 1773 2289 1837 super
2331 1752 2453 1816 hoc
2498 1752 2848 1837 apostolica
2893 1774 3022 1816 non

530 1841 812 1906 obtenta.
905 1841 1115 1922 Quare
1158 1864 1277 1928 pro
1321 1844 1505 1926 parte
1551 1842 1840 1927 ipsorum
1883 1842 2145 1907 Henrici
2202 1841 2519 1906 domicelli
2563 1844 2629 1906 et
2673 1842 2716 1908 J
2716 1844 2856 1905 utte
2901 1841 3025 1905 fuit

526 1930 713 1995 nobis
758 1931 1091 1996 humiliter
1136 1931 1566 2016 supplicatum
1580 1980 1595 2010 ,
1641 1933 1718 1995 ut
1761 1953 1877 2016 pro
1934 1931 2105 1996 bono
2164 1930 2338 2016 pacis
2403 1933 2472 1995 et
2532 1930 3021 2015 tranquillitatis

527 2020 855 2085 commodo
900 2020 1233 2105 providere
1282 2020 1373 2085 313
1419 2042 1612 2106 super
1657 2020 1776 2085 hoc
1820 2020 1898 2084 de
1930 2024 2244 2106 oportune
2290 2019 2792 2121 dispensationis
2828 2019 3024 2084 bene-

524 2108 666 2173 ficio
716 2110 1150 2195 dignaremur.
1242 2110 1375 2174 Nos
1420 2109 1639 2195 igitur,
1689 2109 1801 2194 qui
1845 2110 2120 2174 salutem
2152 2109 2478 2193 querimus
2525 2108 2931 2195 singulorum
2963 2111 3024 2174 31

524 2197 803 2263 libenter
835 2196 1073 2263 Christi
1092 2197 1384 2263 fidelibus
1412 2198 1645 2283 quietis
1678 2201 1745 2263 et
1773 2196 1949 2283 pacis
1980 2198 2309 2263 commoda
2339 2219 2767 2283 procuramus,
2799 2197 3022 2282 hujus-

524 2284 696 2351 modi
740 2287 1058 2353 scandalis
1103 2289 1171 2351 et
1213 2287 1513 2372 periculis
1558 2287 1818 2352 obviare
1866 2309 1938 2353 ac
1979 2288 2153 2352 inter
2199 2287 2454 2352 eosdem
2498 2287 2866 2364 Henricum,
2912 2286 3019 2351 (10-

523 2377 772 2441 minum
818 2377 896 2442 de
947 2375 1130 2454 Gera,
1164 2378 1230 2440 et
1273 2376 1623 2441 Henricum
1681 2376 1945 2442 Richem
1989 2376 2183 2479 pacis
2212 2379 2281 2442 et
2323 2376 2583 2442 unionis
2628 2376 3018 2441 intervenire

522 2465 924 2531 concordiam
968 2465 1318 2551 cupientes,
1349 2465 1718 2551 hujusmodi
1762 2487 1834 2530 ac
1878 2464 2190 2531 carissimi
2233 2466 2306 2531 in
2354 2463 2607 2531 Christo
2653 2465 2772 2529 filii
2817 2464 3019 2530 nostri

525 2557 568 2623 J
570 2555 862 2635 ohannis,
893 2555 1069 2642 regis
1099 2555 1362 2620 Boemie
1406 2556 1693 2634 1111131113,
1739 2556 2314 2641 supplicationibus
2358 2555 2669 2633 inclinati,
2717 2555 3017 2620 fraterni-

522 2645 648 2710 tati
691 2648 818 2723 tue,
865 2645 943 2709 de
990 2668 1117 2730 qua
1160 2644 1456 2710 fiduciam
1499 2645 1572 2710 in
1617 2644 1879 2710 domino
1942 2646 2224 2731 gerimus
2271 2645 2642 2730 specialem,
2702 2666 2822 2729 per
2868 2665 3016 2730 apo-

527 2734 749 2799 stolica
795 2735 1034 2819 scripta
1079 2734 1532 2800 committimus
1566 2736 1632 2799 et
1661 2732 2065 2813 mandamus,
2112 2736 2447 2819 quatenus,
2494 2733 2551 2798 si
2597 2735 2695 2798 est
2739 2734 2851 2812 ita,
2883 2755 3017 2797 cum

527 2823 767 2888 eisdem
813 2824 1090 2888 Henrico
1137 2823 1466 2889 domicello
1514 2826 1580 2888 et
1625 2824 1669 2890 J
1671 2825 1828 2901 utta
1876 2825 1950 2887 ut
1987 2822 2467 2924 impedimento,
2514 2822 2682 2907 quod
2732 2844 2812 2887 ex
2857 2822 3017 2887 dicta

526 2912 1088 2998 consanguinitate
1134 2913 1449 2998 provenit,
1485 2934 1895 2998 nequaquam
1925 2914 2238 2990 obstante,
2271 2911 2753 2977 matrimonium
2798 2911 3015 2996 hujus·

524 3002 698 3067 modi
753 3001 951 3066 libere
1010 3002 1386 3067 contrahere
1444 3002 1738 3080 valeant,
1802 3002 2179 3067 auctoritate
2240 3001 2589 3087 apostolica
2647 3000 3014 3085 dispensare

523 3112 839 3176 procures,
886 3091 1132 3175 prolem
1162 3083 1637 3176 suscipiendam
1670 3112 1749 3155 ex
1792 3089 2160 3174 hujusmodi
2204 3090 2616 3155 matrimonio
2660 3090 3015 3175 legitimam

523 3179 905 3245 nuncianda
952 3181 1194 3245 Datum
1240 3180 1411 3266 apud
1456 3180 1694 3247 Villam
1738 3201 1991 3259 novam,
2041 3179 2498 3245 Avinionensis
2545 3178 2829 3258 diocesis,
2877 3177 3011 3245 VH.

525 3267 653 3333 kal.
698 3266 1089 3355 Septembris
1135 3270 1543 3355 pontificatus
1589 3269 1796 3334 1103111
1840 3291 2012 3334 311110
2057 3270 2267 3334 131110.

1719 3449 1823 3515 37.

703 3586 983 3658 clamem
1041 3593 1152 3662 VI.
1197 3595 1470 3673 ordinat,
1516 3601 1591 3658 ut
1630 3595 1705 3658 in
1747 3590 1988 3677 capella
2015 3594 2091 3657 in
2136 3591 2546 3676 Wittemberq,
2592 3613 2638 3658 a
2667 3590 3004 3677 Rudolpho

521 3700 677 3764 duce
720 3699 999 3765 Samnio
1041 3711 1415 3779 constructa,
1461 3702 1738 3767 decanus
1765 3720 1876 3765 ceu
1902 3702 2261 3785 prepositus
2280 3708 2582 3786 perpetuo
2628 3719 2759 3765 3333
2787 3701 3013 3765 debeat.

522 3807 957 3891 Am‘mflmw,
1002 3808 1216 3876 1346
1258 3809 1480 3891 Madv:
1519 3807 1599 3876 6.

918 3947 2632 4019 oeom.V1....Rqooman1V.lib....0..Iop613sl4182

702 4071 996 4139 Clemens
1042 4074 1375 4159 episcopus
1404 4073 1451 4158 ¹)
1498 4095 1719 4138 servus
1766 4095 2093 4139 servorum
2140 4073 2261 4140 dei.
2354 4072 2454 4138 Ad
2498 4074 2881 4157 perpetuam
2921 4069 3011 4134 rei

520 4164 911 4228 memoriam.
1000 4164 1133 4229 Piis
1179 4162 1507 4228 desideriis
1563 4165 1825 4247 gratum
1879 4184 1998 4228 nos
2059 4162 2241 4227 decet
2299 4164 2587 4247 prestare
2633 4180 3013 4227 consensum

522 4256 590 4318 et
635 4274 726 4331 ea,
772 4273 896 4338 que
942 4252 1148 4318 divini
1189 4253 1397 4318 cultus
1443 4255 1867 4338 augmentum
1910 4253 2280 4338 respiciunt,
2341 4255 2415 4317 ut
2459 4251 2744 4317 votivum
2794 4270 3011 4316 consc-

707 4449 743 4512 1)
780 4450 870 4502 Or.
908 4450 1174 4516 episcopm
1212 4459 1301 4503 eto.
