3292 5100
2664 448 2786 510 191

259 599 740 666 maledictionis
792 601 1087 686 alumpni
1130 601 1533 668 Bernabonis
1579 601 1658 666 de
1705 600 2217 679 VicecomitibuS,
2264 601 2419 667 civis
2465 600 2779 670 Mediola-

198 745 210 756 .
263 689 516 769 11811818,
564 690 830 755 heretici
875 691 1120 775 perfidi,
1183 713 1256 755 ac
1301 694 1449 776 post
1494 690 1964 794 adjurationem
2007 690 2371 774 hujusmodi
2418 712 2524 755 eos
2571 691 2651 756 ab
2715 715 2787 757 o-

264 778 532 843 mnibus
579 783 644 843 et
688 780 962 865 singulis
1007 780 1347 845 sententiis
1379 783 1446 845 et
1473 779 1678 864 penis,
1712 803 1750 844 a
1779 781 1926 863 jure
1971 780 2076 844 vel
2117 779 2377 844 homine
2415 783 2638 844 contra
2680 803 2785 845 re-

263 869 658 951 ceptatores,
706 868 1072 934 defensor-es
1119 872 1184 933 et
1227 870 1526 947 fautores,
1575 869 1985 933 auxiliatores
2018 870 2084 932 et
2113 868 2547 933 consiliatores
2594 870 2782 934 here-

259 956 562 1035 ticorum,
609 960 674 1021 et
720 958 808 1022 eis
855 958 1238 1022 adherentes
1284 958 1550 1043 prolatis
1598 959 1665 1021 et
1708 958 1967 1021 inflictis
2015 948 2392 1022 auctoritate
2440 961 2664 1022 nostra
2709 958 2782 1022 in

259 1045 482 1109 forma
529 1046 783 1111 ecclesie
830 1046 1217 1125 absolvendi,
1263 1046 1571 1138 injunctis
1619 1046 1727 1125 eis,
1776 1045 1958 1131 quod
1993 1045 2070 1109 de
2102 1049 2312 1110 cetero
2362 1046 2599 1111 similia
2646 1068 2785 1111 11011

263 1134 698 1214 committant,
745 1157 864 1199 1180
912 1135 1295 1200 facientibus
1359 1133 1680 1220 prebeant
1727 1134 2051 1213 auxilium,
2108 1135 2443 1199 consilium
2491 1139 2556 1200 et
2601 1135 2784 1202 favo-

264 1245 430 1301 rem,
480 1245 552 1287 ac
608 1224 776 1308 quod
834 1246 952 1309 pro
1001 1224 1266 1307 speciali
1323 1224 1689 1309 penitentia
1717 1259 1726 1266 -
1750 1224 2037 1289 serviant
2094 1224 2521 1307 personaliter
2581 1223 2789 1289 eidem

269 1312 533 1376 ecclesie
594 1315 816 1377 contra
873 1313 1328 1377 Bernabonem
1387 1313 1746 1397 predictum
1794 1316 1861 1376 et
1904 1333 2207 1396 sequaces
2271 1312 2556 1397 ejusdem
2595 1312 2786 1396 juxta

263 1400 534 1465 modum
578 1402 762 1486 culpe
808 1402 1147 1466 facultates
1195 1424 1429 1480 eorum,
1478 1405 1544 1465 et
1591 1401 1717 1465 alia
1777 1400 2143 1485 penitentia
2199 1401 2466 1465 salutari
2513 1404 2579 1465 et
2624 1401 2785 1480 aliie,

268 1511 397 1573 que
446 1489 523 1553 de
569 1491 709 1574 jure
753 1491 1002 1554 fuerint
1045 1491 1466 1576 injungenda,
1513 1491 1778 1574 plenam
1808 1489 2209 1555 concedimus
2255 1492 2479 1554 tenore
2511 1511 2779 1573 presen-

270 1579 440 1643 tium
503 1580 889 1643 facultatem
990 1580 1232 1644 Datum
1292 1577 1649 1672 Avinione‘,
1696 1580 1871 1644 XIII.
1933 1578 2058 1645 kal.
2120 1580 2163 1646 J
2166 1601 2306 1642 unu
2363 1579 2779 1670 pontificatus

264 1657 477 1732 nostri
525 1690 700 1732 anno
746 1667 973 1753 primo,

1482 1811 1589 1875 48.

462 1953 760 2018 Urbanus
805 1954 876 2019 V.
907 1953 1248 2038 Rudolpho
1279 1954 1426 2017 duci
1441 1953 1743 2029 Samnio,
1773 1963 1849 2018 ut
1859 1955 2310 2018 Romanorum
2338 1955 2787 2037 imperatorem
2847 2017 2856 2027 ,

196 2069 205 2074 ’
265 2063 342 2125 in
371 2062 601 2124 itincre
630 2080 745 2124 suo
807 2060 1035 2125 Italico
1095 2062 1393 2125 comitari
1451 2060 1612 2127 velit.
1675 2062 1965 2142 Rome,
2014 2060 2247 2141 apud
2290 2077 2357 2125 8.
2406 2061 2785 2142 Petrwm,

272 2165 492 2235 1367
522 2167 737 2236 Dec.
785 2165 914 2233 17.

934 2305 1054 2358 Urb.
1106 2306 1328 2373 V.1309.
1368 2308 1686 2358 Secretwan
1738 2306 2188 2377 VI.o.sl3‚Oa.‡

448 2429 750 2495 Urbanus
798 2431 1135 2515 episcopus
1164 2429 1213 2514 1)
1260 2453 1480 2496 servus
1513 2453 1843 2496 servorum
1889 2430 2008 2495 dei.
2104 2433 2352 2497 Dilecto
2397 2427 2528 2497 filio
2574 2432 2784 2500 nobili

264 2519 408 2585 viro
438 2518 793 2603 Rodulpho,
826 2520 969 2585 duci
998 2519 1287 2599 Saxonie,
1320 2505 1594 2585 salutem
1619 2518 1675 2604 ²)
1710 2523 1776 2585 et
1807 2521 2221 2605 apostolicam
2251 2521 2780 2589 benedictionem.

267 2608 433 2674 Cum
478 2609 838 2673 carissimus
882 2610 953 2673 in
1003 2609 1253 2674 Christo
1298 2611 1464 2674 filius
1509 2612 1726 2675 noster
1775 2608 2032 2674 Carolus
2063 2612 2514 2689 Romanorum,
2562 2611 2771 2695 impe-

262 2701 446 2762 rator
490 2720 743 2783 semper
790 2702 1120 2784 augustUS,
1152 2721 1362 2784 nuper
1407 2699 1591 2763 nobis
1622 2698 1875 2763 duxerit
1905 2699 2352 2777 nuntiandum,
2399 2722 2467 2763 se
2512 2700 2783 2764 firmiter

266 2787 654 2852 deliberasse
702 2810 820 2871 pro
865 2788 1107 2852 honore
1156 2790 1222 2852 et
1281 2788 1606 2852 commodo
1653 2788 1929 2852 Romani
1973 2788 2230 2873 imperii
2273 2789 2447 2853 infra
2491 2808 2784 2853 mensem

266 2876 491 2940 Martii
537 2878 822 2961 proxime
869 2878 1157 2941 futurum
1203 2876 1283 2941 ad
1328 2880 1546 2960 partes
1592 2877 1779 2941 Italie
1826 2878 2247 2961 personaliter
2292 2876 2618 2962 proficisci,
2665 2899 2785 2942 nos

268 2966 409 3049 ejus
456 2965 982 3030 deliberationem
1039 2965 1409 3050 hujusmodi
1465 2966 2007 3046 commendantes,
2056 2989 2128 3031 80
2185 2968 2546 3051 cupientes,
2612 2966 2782 3051 quod

267 3054 587 3119 adventus
634 3055 773 3139 ipse
822 3077 896 3119 eo
942 3055 1188 3119 felicius
1234 3058 1662 3139 prosperetur,
1710 3077 1835 3140 quo
1880 3055 2052 3120 idem
2098 3056 2452 3139 imperator
2495 3055 2780 3141 plurium

268 3146 339 3207 et
382 3143 695 3227 majorum
740 3144 1108 3229 principum
1154 3166 1226 3208 ac
1271 3147 1650 3229 magnatum
1693 3144 2059 3209 honorabili
2104 3148 2169 3209 et
2215 3143 2449 3230 grandi
2479 3143 2783 3208 comitiva

267 3232 470 3297 fuerit
515 3233 806 3311 sociatus,
856 3236 922 3296 et
968 3233 1332 3316 specialiter
1381 3255 1704 3311 888818118,
1766 3232 1935 3317 quod
1980 3236 2094 3297 tua
2138 3233 2484 3318 presentia,
2533 3255 2611 3297 ex
2659 3252 2787 3316 qua

267 3320 524 3406 providi
569 3330 634 3386 et
678 3320 888 3386 fidelis
935 3322 1199 3401 consilii,
1235 3345 1306 3386 ac
1351 3323 1578 3406 magni
1625 3321 1849 3386 auxilii
1878 3323 2158 3386 fructum
2204 3323 2406 3387 dictus
2436 3321 2788 3405 imperator

269 3411 599 3495 percipiet,
648 3411 910 3475 assistat
972 3411 1178 3475 eidem
1193 3460 1208 3488 ,
1272 3410 1674 3475 nobilitatem
1737 3413 1916 3474 tuam
1933 3460 1948 3490 ,
2009 3411 2079 3475 in
2124 3411 2303 3494 cujus
2362 3410 2674 3475 desiderio
2720 3412 2787 3473 et

272 3521 464 3583 opere
526 3499 716 3564 debet
775 3522 908 3565 esse
928 3549 943 3579 ,
1005 3500 1175 3583 quod
1235 3500 1427 3583 hujus
1487 3500 1694 3564 honor
1754 3502 1820 3562 et
1878 3500 2278 3564 commodum
2338 3499 2782 3584 subsequatur,

271 3590 612 3652 affectuose
644 3610 997 3673 precamur,
1031 3591 1348 3673 quatenus
1377 3589 1702 3673 prefatum
1732 3588 2187 3673 imperatorem
2220 3589 2300 3653 ad
2332 3588 2530 3652 dictas
2561 3590 2781 3672 partes

269 3677 477 3755 Italic,
525 3679 581 3742 si
626 3678 948 3743 commode
995 3678 1253 3762 poteris,
1301 3699 1442 3741 cum
1488 3680 1601 3741 tua
1657 3677 1954 3761 potentia
2013 3678 2436 3761 personaliter
2495 3675 2785 3741 comitari

269 3767 429 3832 velis
475 3767 578 3831 vel
623 3766 751 3830 tale
800 3767 1107 3832 auxilium
1152 3767 1429 3830 militare
1488 3765 1827 3850 impendas
1876 3766 2111 3844 eidem,
2174 3766 2342 3851 quod
2390 3765 2619 3829 exinde
2665 3766 2779 3829 tua

268 3878 542 3941 persona
588 3856 934 3940 magnifice
979 3855 1348 3934 honoretur,
1394 3855 1691 3939 idemque
1748 3854 2099 3939 imperator
2162 3856 2439 3918 fructum
2485 3855 2785 3937 optatum

267 3944 595 4030 percipiat,
642 3948 839 4029 tuque
886 3947 1172 4010 nostram
1220 3947 1286 4008 et
1332 3945 1674 4028 apostolice
1721 3944 1886 4007 sedis
1946 3967 2018 4009 ac
2078 3943 2481 4027 imperatoris
2545 3941 2786 4026 prefati

268 4035 537 4120 dignam
582 4034 1202 4098 commendationem
1247 4035 1312 4096 et
1355 4034 1715 4116 pleniorem
1759 4032 2261 4097 benivolentiam
2306 4030 2612 4115 consequi
2659 4053 2772 4095 va-

266 4125 417 4188 leas.
464 4124 707 4187 Datum
750 4124 968 4200 Rome,
1001 4122 1173 4206 apud
1217 4125 1508 4186 sanctum
1552 4123 1831 4200 Petrum,
1877 4122 2045 4189 XVI.
2091 4121 2218 4186 kal.
2265 4119 2565 4187 Januarii
2614 4141 2780 4204 pon-

267 4213 545 4279 tificatus
589 4212 795 4279 nostri
840 4233 1012 4277 811110
1059 4213 1254 4276 sexto.

281 4358 550 4366 ---ρ---ο

454 4425 492 4487 ¹)
528 4427 618 4478 Or.
657 4426 922 4492 episcopus
959 4433 1046 4476 oto.
1111 4424 1152 4486 ²)
1193 4424 1285 4475 Or.
1323 4422 1546 4476 salutem
1584 4432 1675 4475 eto.
