3292 5100
467 419 590 482 128

1688 668 1748 733 9.

647 811 947 875 Urbanus
982 808 1108 876 IV.
1155 819 1405 873 revocat
1445 819 1778 885 statutum,
1826 828 1946 892 quo
1987 809 2414 895 Maquntinus
2459 811 2965 893 archiepiscopus

458 919 530 981 in
568 916 952 1002 provinciali
1006 916 1263 981 concilio
1324 918 1706 996 decreverat,
1765 938 1843 982 ne
1873 920 1994 1004 jus
2029 927 2416 1002 patronatus
2459 917 2776 1001 reliyiosis
2817 937 2963 1001 per-

458 1026 648 1112 sonis,
677 1045 722 1088 a
764 1023 1158 1089 ‚secularibus
1197 1034 1404 1109 posset
1446 1026 1739 1109 conferri.
1785 1027 1862 1110 cf.
1912 1024 2032 1089 Nr.
2081 1028 2230 1090 180.
2341 1025 2708 1106 Vitcrbii,
2756 1023 2966 1091 1261

464 1130 636 1198 Oct.
681 1130 760 1196 9.

640 1290 952 1376 Magistro
1008 1294 1075 1354 et
1132 1291 1439 1356 fratribus
1497 1291 1839 1376 hospitalis
1886 1294 1930 1359 J
1933 1292 2395 1357 erosolimitani
2439 1293 2510 1357 in
2559 1291 2965 1357 Alemannia.

460 1380 888 1465 Exigentibus
926 1382 1136 1445 vestre
1166 1381 1502 1467 religionis
1535 1382 1799 1459 meritiS,
1848 1383 2012 1447 votis
2045 1384 2275 1447 vestris
2308 1382 2586 1446 libenter
2618 1382 2966 1456 annuimus

464 1471 530 1533 et
589 1469 669 1533 ab
729 1469 883 1548 hiis,
944 1492 1062 1553 per
1123 1492 1246 1554 que
1307 1473 1576 1555 possent
1635 1471 1813 1535 vobis
1861 1474 2118 1537 evenire
2167 1472 2523 1557 dispendia,
2570 1493 2683 1535 vos
2732 1472 2964 1535 affectu

461 1557 909 1623 benevolentie
956 1582 1419 1643 preservamuS.
1496 1558 1663 1625 Sane
1710 1561 1938 1645 petitio
1987 1564 2200 1628 vestra
2246 1562 2432 1626 nobis
2480 1560 2767 1625 exhibita
2812 1582 2965 1624 con-

462 1648 729 1726 tinebat,
777 1648 946 1732 quod
993 1650 1377 1714 venerabilis
1426 1651 1628 1714 frater
1675 1653 1910 1729 noster,
1960 1652 2475 1736 archiepiscopus
2521 1650 2965 1735 MaguntinUS,

460 1737 531 1801 in
578 1737 955 1822 provinciali
998 1739 1260 1803 concilio
1307 1761 1424 1824 pro
1472 1762 1587 1804 sua
1633 1740 1964 1805 voluntate
2012 1742 2263 1820 statuit,
2311 1743 2386 1804 ut
2425 1741 2530 1824 jus
2577 1740 2962 1824 patronatus

463 1826 728 1909 alicujus
789 1827 1045 1891 ecclesie
1105 1851 1243 1906 sue,
1302 1828 1579 1892 civitatis
1626 1830 1728 1893 vel
1776 1830 2040 1896 diocesis
2103 1834 2215 1895 aut
2271 1830 2598 1914 provincie
2644 1828 2964 1913 religiosis

464 1916 782 2000 aliquibus
830 1940 868 1980 a
913 1918 1208 2000 personis
1255 1918 1641 1983 secularibus
1689 1920 2061 1985 nullatenus
2107 1921 2475 1984 conferatur
2536 1920 2630 1998 et,
2693 1918 2750 1981 si
2796 1919 2963 1982 forte

461 2005 828 2089 hujusmodi
848 2006 957 2088 jus
991 2030 1028 2070 a
1059 2007 1360 2090 predictis
1401 2008 1787 2072 secularibus
1834 2009 2152 2095 religiosis
2200 2009 2439 2073 eisdem
2486 2008 2763 2071 conferri
2808 2028 2962 2071 con-

464 2095 696 2179 tingat,
743 2096 1080 2159 conferens
1118 2098 1258 2180 jus,
1306 2096 1475 2181 quod
1521 2098 1591 2160 in'
1639 2097 1879 2161 eisdem
1924 2099 2204 2164 habebat
2251 2098 2559 2175 ecclesiiS,
2606 2097 2749 2181 ipso
2796 2097 2966 2160 facto

464 2185 720 2249 amittat
762 2184 1047 2268 illudque
1070 2235 1074 2240 .
1097 2186 1430 2250 diocesano
1477 2187 1661 2250 cedat
1707 2188 2020 2273 episcopo,
2069 2189 2195 2254 nisi
2226 2189 2392 2251 forte
2424 2187 2594 2251 idem
2625 2187 2964 2250 conferens

454 2275 563 2359 jus
608 2274 823 2358 ipsum
871 2274 951 2337 ab
999 2275 1125 2338 alio
1172 2277 1471 2340 teneatur
1514 2276 1584 2338 in
1632 2276 1924 2355 feudum,
1989 2279 2157 2362 quod
2213 2282 2368 2342 tunc
2414 2276 2494 2341 ad
2539 2275 2716 2340 feudi
2761 2274 2965 2338 domi-

463 2365 644 2428 nium
690 2363 918 2428 libere
936 2364 1324 2431 devolvatur.
1415 2363 1656 2429 Statuit
1716 2366 1908 2431 etiam
1970 2367 2485 2452 archiepiscopus
2543 2364 2965 2449 supradictUS,

463 2456 538 2517 ut
581 2451 866 2538 collegiO,
914 2454 1015 2517 cui
1059 2455 1230 2519 facta
1276 2455 1472 2519 fuerit
1515 2454 1883 2538 hujusmodi
1928 2458 2207 2535 collatiO,
2255 2458 2505 2521 nullum
2541 2457 2651 2540 jus
2699 2477 2778 2519 ex
2823 2455 2968 2538 ipsa

464 2542 802 2609 collatione
848 2544 1110 2628 penitus
1159 2545 1399 2629 acquiri
1445 2543 1704 2623 debeat,
1751 2548 1946 2611 immo
1994 2548 2049 2611 si
2093 2548 2332 2613 habeat
2377 2546 2623 2630 aliquas
2671 2544 2967 2609 ecclesias

464 2634 535 2697 in
580 2655 735 2696 usus
781 2634 1076 2718 proprios
1107 2635 1177 2698 in
1210 2634 1461 2736 diocesi,
1511 2635 1618 2698 ubi
1665 2636 1862 2700 talem
1907 2637 2313 2701 collationem
2347 2637 2406 2700 ei
2436 2636 2576 2700 fieri
2605 2634 2968 2719 contigerit,

467 2722 688 2786 eedem
735 2723 990 2788 ecclesie
1037 2725 1179 2808 ipso
1217 2725 1364 2807 J'ure
1412 2726 1642 2790 vacent
1689 2728 1754 2788 et
1800 2748 1917 2810 per
1962 2727 2082 2791 loci
2143 2728 2550 2791 diocesanum
2598 2747 2710 2788 seu
2761 2724 2969 2788 archi-

467 2812 820 2891 diaconum,
866 2813 938 2876 in
970 2815 1066 2897 cuj
1078 2837 1149 2877 us
1196 2815 1708 2879 archidiaconatu
1758 2815 2133 2894 consistunt,
2182 2816 2475 2901 personis
2521 2814 2770 2879 idoneis
2815 2835 2969 2877 con-

465 2904 776 2966 ferantur.
857 2903 1066 2982 Quare
1114 2904 1299 2967 nobis
1345 2903 1675 2968 humiliter
1721 2905 2148 2988 supplicastis,
2197 2909 2285 2984 ut,
2334 2929 2417 2970 ne
2451 2928 2569 2988 per
2599 2902 2971 2988 hujusmodi

466 2993 782 3056 statutum
839 2994 1016 3059 vobis
1078 2993 1462 3077 prejudicari
1519 2994 1755 3076 possit,
1817 2994 2151 3077 providere
2212 3000 2489 3080 paterna
2543 2993 2970 3059 sollicitudine

465 3104 847 3147 curaremus
927 3083 1173 3150 Vestris
1219 3083 1437 3167 itaque
1485 3083 2061 3165 supplicationibus
2107 3086 2543 3151 favorabiliter
2590 3086 2973 3160 annuenteS,

467 3194 550 3236 ne
582 3175 907 3238 occasione
954 3172 1320 3257 hujusmodi
1367 3171 1593 3238 statuti
1640 3173 1899 3256 aliquod
1945 3175 2365 3259 prejudicium
2412 3176 2591 3241 vobis
2639 3177 2705 3238 et
2749 3173 2973 3256 hospi-

465 3261 584 3325 tali
629 3267 840 3327 vestro
885 3264 957 3328 in
1003 3267 1331 3348 posterum
1379 3263 1682 3348 generari
1727 3262 1967 3342 valeat,
2027 3266 2367 3349 quominus
2419 3266 2527 3349 jus
2590 3266 2976 3349 patronatus

468 3352 875 3418 ecclesiarum
913 3353 1263 3418 earundem
1309 3353 1586 3417 civitatis
1635 3351 1738 3416 vel
1785 3352 2049 3418 diocesis
2099 3358 2212 3419 aut
2256 3355 2582 3439 'provincie
2604 3405 2618 3432 ,
2667 3354 2722 3418 si
2771 3379 2809 3418 a
2854 3377 2975 3437 pa-

466 3441 672 3505 tronis
721 3466 938 3507 earum
986 3444 1161 3507 laicis
1222 3442 1381 3506 illud
1441 3442 1620 3508 vobis
1682 3442 1943 3526 pietatis
1988 3444 2232 3508 intuitu
2280 3445 2450 3508 licite
2497 3444 2777 3508 conferri
2822 3465 2976 3506 con-

468 3532 707 3615 tigerit,
753 3533 1037 3618 recipere
1086 3556 1158 3597 ac
1203 3532 1440 3597 habere
1490 3533 1688 3597 libere
1750 3532 2036 3596 valeatis
2128 3535 2230 3597 Ita
2291 3536 2513 3598 tamen
2574 3532 2746 3616 quod
2804 3533 2977 3596 bona

472 3620 875 3687 ecclesiarum
897 3673 911 3701 ,
987 3623 1058 3687 in
1134 3621 1363 3707 quibus
1437 3621 1804 3706 hujusmodi
1867 3623 1976 3705 jus
2047 3626 2427 3706 patronatus
2503 3622 2683 3688 vobis
2760 3621 2978 3685 taliter

468 3711 769 3776 collatum
833 3713 1058 3791 fuerit,
1125 3712 1501 3776 auctoritate
1549 3714 1764 3776 vestra
1810 3712 1912 3775 vel
1957 3733 2076 3796 per
2122 3734 2233 3775 vos
2281 3712 2701 3796 appropriare
2747 3711 2977 3776 vestris

471 3800 692 3867 usibus
770 3803 871 3867 vel
947 3803 1014 3866 in
1093 3802 1236 3865 illos
1313 3804 1683 3866 convertere
1761 3823 1894 3864 non
1969 3801 2229 3885 possitis
2249 3852 2263 3879 ,
2342 3802 2519 3866 vobis
2598 3801 2976 3865 auctoritate

474 3893 875 3975 presentium
962 3892 1389 3976 indulgemus
1526 3890 1705 3955 Nulli
1773 3911 1946 3991 ‘ergo
2023 3892 2286 3955 omnino
2363 3891 2698 3955 hominum
2772 3891 2978 3968 liceat,

468 3979 638 4046 hanc
713 3983 1025 4067 paginam
1103 3983 1320 4044 nostre
1397 3980 1823 4045 concessionis
1898 3980 2259 4065 infringere
2338 3981 2438 4045 vel
2505 3980 2564 4044 ei
2642 4003 2801 4043 ausu
2877 3982 2977 4042 te-

469 4072 742 4136 merario
789 4071 1122 4135 contraire.
1213 4067 1278 4133 Si
1341 4070 1482 4153 quis
1545 4071 1761 4132 autem
1822 4069 1941 4132 hoc
2004 4072 2327 4133 attentare
2388 4070 2825 4154 presumserit,
2872 4069 2977 4132 in·-

469 4160 914 4246 dignationem
962 4160 1427 4243 omnipotentis
1489 4158 1591 4222 dei
1653 4161 1718 4222 et
1776 4150 2111 4223 beatorum
2157 4160 2332 4224 Petri
2378 4162 2442 4222 et
2487 4159 2670 4223 Pauli
2716 4160 2978 4243 aposto-

469 4250 683 4404 {prum
732 4250 985 4407 631181ῗ6
1031 4248 1285 4314 noverit
1329 4248 1753 4312 incursurum.
1845 4249 2086 4313 Datum
2134 4248 2423 4327 Viterbii,
2472 4249 2613 4315 VII.
2659 4248 2742 4312 id.
2784 4247 2975 4313 Octo-

514 4361 602 4403 r1s
653 4361 825 4403 anno
954 4391 967 4404 .
