<?xml version="1.0" encoding="UTF-8"?>
<!DOCTYPE html PUBLIC "-//W3C//DTD XHTML 1.0 Transitional//EN"
    "http://www.w3.org/TR/xhtml1/DTD/xhtml1-transitional.dtd">
<html xmlns="http://www.w3.org/1999/xhtml" xml:lang="en" lang="en">
 <head>
  <title>
</title>
<meta http-equiv="Content-Type" content="text/html;charset=utf-8" />
  <meta name='ocr-system' content='tesseract 3.04.00' />
  <meta name='ocr-capabilities' content='ocr_page ocr_carea ocr_par ocr_line ocrx_word'/>
</head>
<body>
  <div class='ocr_page' id='page_1' title='image "analectavatican01possgoog_0216.png"; bbox 0 0 3292 5100; ppageno 0'>
   <div class='ocr_carea' id='block_1_1' title="bbox 520 415 1825 641">
    <p class='ocr_par' dir='ltr' id='par_1_1' title="bbox 520 415 1825 641">
     <span class='ocr_line' id='line_1_1' title="bbox 520 415 650 481; baseline -0.015 0"><span class='ocrx_word' id='word_1_1' title='bbox 520 417 553 481; x_wconf 85' lang='lat'><strong>1</strong></span> <span class='ocrx_word' id='word_1_2' title='bbox 567 415 650 480; x_wconf 79' lang='lat'><strong>78</strong></span> 
     </span>
     <span class='ocr_line' id='line_1_2' title="bbox 1721 576 1825 641; baseline 0 0"><span class='ocrx_word' id='word_1_3' title='bbox 1721 576 1825 641; x_wconf 88' lang='grc'><strong>38.</strong></span> 
     </span>
    </p>
   </div>
   <div class='ocr_carea' id='block_1_2' title="bbox 511 732 3027 1036">
    <p class='ocr_par' dir='ltr' id='par_1_2' title="bbox 511 732 3027 1036">
     <span class='ocr_line' id='line_1_3' title="bbox 695 732 3027 823; baseline 0 -22"><span class='ocrx_word' id='word_1_4' title='bbox 695 732 981 801; x_wconf 74' lang='lat' dir='ltr'><strong>Clemens</strong></span> <span class='ocrx_word' id='word_1_5' title='bbox 1040 734 1151 802; x_wconf 83' lang='lat' dir='ltr'><strong>VI.</strong></span> <span class='ocrx_word' id='word_1_6' title='bbox 1198 736 1478 813; x_wconf 78' lang='lat' dir='ltr'><strong>ordinat,</strong></span> <span class='ocrx_word' id='word_1_7' title='bbox 1524 745 1600 802; x_wconf 79' lang='lat' dir='ltr'><strong>ut</strong></span> <span class='ocrx_word' id='word_1_8' title='bbox 1639 739 1713 802; x_wconf 73' lang='lat' dir='ltr'><strong>in</strong></span> <span class='ocrx_word' id='word_1_9' title='bbox 1757 737 2004 823; x_wconf 78' lang='lat' dir='ltr'><strong>capella</strong></span> <span class='ocrx_word' id='word_1_10' title='bbox 2031 738 2104 802; x_wconf 73' lang='lat' dir='ltr'><strong>in</strong></span> <span class='ocrx_word' id='word_1_11' title='bbox 2153 737 2546 822; x_wconf 59' lang='lat' dir='ltr'><strong>Wittmbem,</strong></span> <span class='ocrx_word' id='word_1_12' title='bbox 2592 758 2638 803; x_wconf 81' lang='lat' dir='ltr'><strong>a</strong></span> <span class='ocrx_word' id='word_1_13' title='bbox 2680 736 3027 822; x_wconf 72' lang='lat' dir='ltr'><strong>Radolpho</strong></span> 
     </span>
     <span class='ocr_line' id='line_1_4' title="bbox 511 840 3025 929; baseline 0 -22"><span class='ocrx_word' id='word_1_14' title='bbox 511 841 666 908; x_wconf 72' lang='lat' dir='ltr'><strong>duco</strong></span> <span class='ocrx_word' id='word_1_15' title='bbox 709 840 992 909; x_wconf 72' lang='lat' dir='ltr'><strong>Samnio</strong></span> <span class='ocrx_word' id='word_1_16' title='bbox 1031 851 1408 920; x_wconf 62' lang='lat' dir='ltr'><strong>constructa,</strong></span> <span class='ocrx_word' id='word_1_17' title='bbox 1439 844 1712 909; x_wconf 71' lang='lat' dir='ltr'><strong>decamus</strong></span> <span class='ocrx_word' id='word_1_18' title='bbox 1748 864 1859 909; x_wconf 69' lang='lat' dir='ltr'><strong>seu</strong></span> <span class='ocrx_word' id='word_1_19' title='bbox 1880 847 2245 928; x_wconf 75' lang='lat' dir='ltr'><strong>prepositus</strong></span> <span class='ocrx_word' id='word_1_20' title='bbox 2283 853 2585 929; x_wconf 71' lang='lat' dir='ltr'><strong>perpetuo</strong></span> <span class='ocrx_word' id='word_1_21' title='bbox 2616 864 2746 910; x_wconf 70' lang='lat' dir='ltr'><strong>esse</strong></span> <span class='ocrx_word' id='word_1_22' title='bbox 2790 847 3025 921; x_wconf 80' lang='lat' dir='ltr'><strong>debeat,</strong></span> 
     </span>
     <span class='ocr_line' id='line_1_5' title="bbox 511 949 2382 1036; baseline 0.002 -22"><span class='ocrx_word' id='word_1_23' title='bbox 511 957 572 1015; x_wconf 77' lang='lat' dir='ltr'><strong>et</strong></span> <span class='ocrx_word' id='word_1_24' title='bbox 612 950 840 1017; x_wconf 70' lang='lat' dir='ltr'><strong>omimit</strong></span> <span class='ocrx_word' id='word_1_25' title='bbox 879 949 1207 1036; x_wconf 68' lang='lat' dir='ltr'><strong>capellam.</strong></span> <span class='ocrx_word' id='word_1_26' title='bbox 1297 950 1733 1033; x_wconf 55' lang='lat' dir='ltr'><strong>Ambitione,</strong></span> <span class='ocrx_word' id='word_1_27' title='bbox 1779 951 1995 1019; x_wconf 78' lang='lat'><strong><em>1346</em></strong></span> <span class='ocrx_word' id='word_1_28' title='bbox 2038 952 2261 1034; x_wconf 66' lang='lat' dir='ltr'><strong>Madv:</strong></span> <span class='ocrx_word' id='word_1_29' title='bbox 2302 950 2382 1019; x_wconf 83' lang='lat'><strong>6.</strong></span> 
     </span>
    </p>
   </div>
   <div class='ocr_carea' id='block_1_3' title="bbox 908 1124 2619 1199">
    <p class='ocr_par' dir='ltr' id='par_1_3' title="bbox 908 1124 2619 1199">
     <span class='ocr_line' id='line_1_6' title="bbox 908 1124 2619 1199; baseline 0.001 -21"><span class='ocrx_word' id='word_1_30' title='bbox 908 1124 2619 1199; x_wconf 53' lang='lat' dir='ltr'><strong>C&#39;lemmVIRquomanIKlib.I.ep..o.614fl418⁸.</strong></span> 
     </span>
    </p>
   </div>
   <div class='ocr_carea' id='block_1_4' title="bbox 487 1280 3027 4222">
    <p class='ocr_par' dir='ltr' id='par_1_4' title="bbox 487 1280 3027 4222">
     <span class='ocr_line' id='line_1_7' title="bbox 691 1280 3026 1373; baseline -0.001 -22"><span class='ocrx_word' id='word_1_31' title='bbox 691 1284 986 1351; x_wconf 78' lang='lat' dir='ltr'>Clemens</span> <span class='ocrx_word' id='word_1_32' title='bbox 1032 1285 1365 1371; x_wconf 89' lang='lat' dir='ltr'><strong>episcopus</strong></span> <span class='ocrx_word' id='word_1_33' title='bbox 1394 1283 1443 1372; x_wconf 90' lang='lat'><strong>1)</strong></span> <span class='ocrx_word' id='word_1_34' title='bbox 1491 1307 1713 1351; x_wconf 86' lang='lat' dir='ltr'><strong>servus</strong></span> <span class='ocrx_word' id='word_1_35' title='bbox 1759 1307 2087 1352; x_wconf 86' lang='lat' dir='ltr'><strong>servorum</strong></span> <span class='ocrx_word' id='word_1_36' title='bbox 2132 1286 2253 1352; x_wconf 87' lang='lat' dir='ltr'><strong>dei.</strong></span> <span class='ocrx_word' id='word_1_37' title='bbox 2347 1286 2447 1352; x_wconf 90' lang='lat' dir='ltr'><strong>Ad</strong></span> <span class='ocrx_word' id='word_1_38' title='bbox 2492 1280 2883 1373; x_wconf 84' lang='lat' dir='ltr'><strong>perpetuam</strong></span> <span class='ocrx_word' id='word_1_39' title='bbox 2928 1286 3026 1350; x_wconf 91' lang='lat' dir='ltr'><strong>rei</strong></span> 
     </span>
     <span class='ocr_line' id='line_1_8' title="bbox 513 1374 3022 1461; baseline -0 -21"><span class='ocrx_word' id='word_1_40' title='bbox 513 1375 907 1440; x_wconf 87' lang='lat' dir='ltr'><strong>memoriam.</strong></span> <span class='ocrx_word' id='word_1_41' title='bbox 995 1374 1242 1439; x_wconf 81' lang='lat' dir='ltr'><strong>Eximio</strong></span> <span class='ocrx_word' id='word_1_42' title='bbox 1289 1374 1648 1439; x_wconf 86' lang='lat' dir='ltr'><strong>devotionis</strong></span> <span class='ocrx_word' id='word_1_43' title='bbox 1695 1376 1990 1456; x_wconf 86' lang='lat' dir='ltr'><strong>affectus,</strong></span> <span class='ocrx_word' id='word_1_44' title='bbox 2051 1398 2177 1461; x_wconf 90' lang='lat' dir='ltr'><strong>quo</strong></span> <span class='ocrx_word' id='word_1_45' title='bbox 2237 1376 2504 1441; x_wconf 88' lang='lat' dir='ltr'><strong>dilectus</strong></span> <span class='ocrx_word' id='word_1_46' title='bbox 2562 1377 2732 1442; x_wconf 89' lang='lat' dir='ltr'><strong>filius</strong></span> <span class='ocrx_word' id='word_1_47' title='bbox 2777 1376 3022 1440; x_wconf 89' lang='lat' dir='ltr'><strong>nobilis</strong></span> 
     </span>
     <span class='ocr_line' id='line_1_9' title="bbox 508 1461 3027 1550; baseline -0.001 -19"><span class='ocrx_word' id='word_1_48' title='bbox 508 1465 610 1531; x_wconf 83' lang='lat' dir='ltr'><strong>vir</strong></span> <span class='ocrx_word' id='word_1_49' title='bbox 651 1463 1045 1549; x_wconf 86' lang='lat' dir='ltr'><strong>Rudolphus,</strong></span> <span class='ocrx_word' id='word_1_50' title='bbox 1091 1463 1221 1527; x_wconf 87' lang='lat' dir='ltr'><strong>dux</strong></span> <span class='ocrx_word' id='word_1_51' title='bbox 1263 1461 1554 1542; x_wconf 86' lang='lat' dir='ltr'><strong>Saxonie,</strong></span> <span class='ocrx_word' id='word_1_52' title='bbox 1600 1485 1758 1550; x_wconf 88' lang='lat' dir='ltr'><strong>erga</strong></span> <span class='ocrx_word' id='word_1_53' title='bbox 1816 1464 2006 1529; x_wconf 92' lang='lat' dir='ltr'><strong>deum</strong></span> <span class='ocrx_word' id='word_1_54' title='bbox 2038 1487 2111 1530; x_wconf 91' lang='lat' dir='ltr'><strong>ac</strong></span> <span class='ocrx_word' id='word_1_55' title='bbox 2141 1487 2260 1529; x_wconf 92' lang='lat' dir='ltr'><strong>nos</strong></span> <span class='ocrx_word' id='word_1_56' title='bbox 2306 1468 2373 1529; x_wconf 93' lang='lat' dir='ltr'><strong>et</strong></span> <span class='ocrx_word' id='word_1_57' title='bbox 2415 1465 2775 1531; x_wconf 82' lang='lat' dir='ltr'><strong>Romanam</strong></span> <span class='ocrx_word' id='word_1_58' title='bbox 2822 1466 3027 1529; x_wconf 89' lang='grc'>00010-</span> 
     </span>
     <span class='ocr_line' id='line_1_10' title="bbox 511 1511 3027 1638; baseline -0.001 -19"><span class='ocrx_word' id='word_1_59' title='bbox 511 1554 676 1619; x_wconf 85' lang='grc'>313111</span> <span class='ocrx_word' id='word_1_60' title='bbox 720 1553 963 1638; x_wconf 92' lang='lat' dir='ltr'><strong>pollere</strong></span> <span class='ocrx_word' id='word_1_61' title='bbox 1011 1551 1377 1631; x_wconf 72' lang='lat' dir='ltr'><strong>dinoscitur,</strong></span> <span class='ocrx_word' id='word_1_62' title='bbox 1422 1511 1894 1618; x_wconf 79' lang='lat' dir='ltr'><strong>rationabiliter</strong></span> <span class='ocrx_word' id='word_1_63' title='bbox 1940 1574 2058 1618; x_wconf 91' lang='lat' dir='ltr'><strong>nos</strong></span> <span class='ocrx_word' id='word_1_64' title='bbox 2102 1554 2378 1632; x_wconf 90' lang='lat' dir='ltr'><strong>inducit,</strong></span> <span class='ocrx_word' id='word_1_65' title='bbox 2438 1557 2512 1618; x_wconf 92' lang='lat' dir='ltr'><strong>ut</strong></span> <span class='ocrx_word' id='word_1_66' title='bbox 2556 1555 2722 1620; x_wconf 84' lang='lat' dir='ltr'><strong>votis</strong></span> <span class='ocrx_word' id='word_1_67' title='bbox 2770 1554 2907 1619; x_wconf 92' lang='lat' dir='ltr'><strong>suis</strong></span> <span class='ocrx_word' id='word_1_68' title='bbox 2954 1553 3027 1617; x_wconf 91' lang='lat' dir='ltr'><strong>in</strong></span> 
     </span>
     <span class='ocr_line' id='line_1_11' title="bbox 510 1602 3024 1742; baseline 0 -35"><span class='ocrx_word' id='word_1_69' title='bbox 510 1642 639 1707; x_wconf 91' lang='lat' dir='ltr'><strong>hiis</strong></span> <span class='ocrx_word' id='word_1_70' title='bbox 685 1642 1018 1727; x_wconf 72' lang='lat' dir='ltr'><strong>potissime</strong></span> <span class='ocrx_word' id='word_1_71' title='bbox 1064 1662 1444 1742; x_wconf 84' lang='lat' dir='ltr'><strong>annuamus,</strong></span> <span class='ocrx_word' id='word_1_72' title='bbox 1489 1662 1608 1726; x_wconf 89' lang='lat' dir='ltr'><strong>per</strong></span> <span class='ocrx_word' id='word_1_73' title='bbox 1652 1664 1777 1725; x_wconf 91' lang='lat' dir='ltr'><strong>que</strong></span> <span class='ocrx_word' id='word_1_74' title='bbox 1823 1641 2027 1707; x_wconf 87' lang='lat' dir='ltr'><strong>divini</strong></span> <span class='ocrx_word' id='word_1_75' title='bbox 2082 1644 2291 1707; x_wconf 89' lang='lat' dir='ltr'><strong>cultus</strong></span> <span class='ocrx_word' id='word_1_76' title='bbox 2335 1602 2738 1708; x_wconf 76' lang='lat' dir='ltr'><strong>ihcrementa</strong></span> <span class='ocrx_word' id='word_1_77' title='bbox 2783 1663 3024 1729; x_wconf 86' lang='lat' dir='ltr'><strong>prove-</strong></span> 
     </span>
     <span class='ocr_line' id='line_1_12' title="bbox 508 1729 3023 1816; baseline -0.001 -20"><span class='ocrx_word' id='word_1_78' title='bbox 508 1731 716 1810; x_wconf 89' lang='lat' dir='ltr'><strong>niant,</strong></span> <span class='ocrx_word' id='word_1_79' title='bbox 765 1752 838 1795; x_wconf 91' lang='lat' dir='ltr'><strong>ac</strong></span> <span class='ocrx_word' id='word_1_80' title='bbox 881 1729 1178 1816; x_wconf 92' lang='lat' dir='ltr'><strong>personis</strong></span> <span class='ocrx_word' id='word_1_81' title='bbox 1222 1729 1458 1794; x_wconf 84' lang='lat' dir='ltr'><strong>divinis</strong></span> <span class='ocrx_word' id='word_1_82' title='bbox 1502 1731 1887 1815; x_wconf 87' lang='lat' dir='ltr'><strong>mancipatis</strong></span> <span class='ocrx_word' id='word_1_83' title='bbox 1945 1731 2297 1816; x_wconf 90' lang='lat' dir='ltr'><strong>obsequiis,</strong></span> <span class='ocrx_word' id='word_1_84' title='bbox 2343 1734 2417 1796; x_wconf 95' lang='lat' dir='ltr'><strong>ut</strong></span> <span class='ocrx_word' id='word_1_85' title='bbox 2462 1732 2554 1796; x_wconf 91' lang='lat' dir='ltr'><strong>eis</strong></span> <span class='ocrx_word' id='word_1_86' title='bbox 2599 1732 2865 1796; x_wconf 87' lang='grc'>1111011113</span> <span class='ocrx_word' id='word_1_87' title='bbox 2914 1731 3023 1794; x_wconf 91' lang='grc'>111-</span> 
     </span>
     <span class='ocr_line' id='line_1_13' title="bbox 509 1817 3026 1907; baseline -0.001 -22"><span class='ocrx_word' id='word_1_88' title='bbox 509 1819 736 1885; x_wconf 75' lang='lat' dir='ltr'><strong>sistere</strong></span> <span class='ocrx_word' id='word_1_89' title='bbox 783 1819 1060 1898; x_wconf 84' lang='lat' dir='ltr'><strong>valeant,</strong></span> <span class='ocrx_word' id='word_1_90' title='bbox 1107 1818 1281 1903; x_wconf 80' lang='lat' dir='ltr'><strong>pacis</strong></span> <span class='ocrx_word' id='word_1_91' title='bbox 1325 1819 1763 1903; x_wconf 87' lang='lat' dir='ltr'><strong>tranquillitas</strong></span> <span class='ocrx_word' id='word_1_92' title='bbox 1808 1823 2199 1905; x_wconf 76' lang='lat' dir='ltr'><strong>procuretur.</strong></span> <span class='ocrx_word' id='word_1_93' title='bbox 2245 1817 2412 1884; x_wconf 86' lang='lat' dir='ltr'><strong>Sane</strong></span> <span class='ocrx_word' id='word_1_94' title='bbox 2457 1843 2577 1906; x_wconf 94' lang='lat' dir='ltr'><strong>rpo</strong></span> <span class='ocrx_word' id='word_1_95' title='bbox 2621 1823 2810 1907; x_wconf 88' lang='lat' dir='ltr'><strong>parte</strong></span> <span class='ocrx_word' id='word_1_96' title='bbox 2843 1819 3026 1884; x_wconf 89' lang='lat' dir='ltr'><strong>ducis</strong></span> 
     </span>
     <span class='ocr_line' id='line_1_14' title="bbox 510 1907 3023 1995; baseline -0.001 -20"><span class='ocrx_word' id='word_1_97' title='bbox 510 1908 798 1994; x_wconf 87' lang='lat' dir='ltr'><strong>ejusdem</strong></span> <span class='ocrx_word' id='word_1_98' title='bbox 842 1907 1030 1973; x_wconf 89' lang='lat' dir='ltr'><strong>nobis</strong></span> <span class='ocrx_word' id='word_1_99' title='bbox 1074 1928 1287 1991; x_wconf 82' lang='lat' dir='ltr'><strong>nuper</strong></span> <span class='ocrx_word' id='word_1_100' title='bbox 1333 1907 1622 1993; x_wconf 86' lang='lat' dir='ltr'><strong>exposito</strong></span> <span class='ocrx_word' id='word_1_101' title='bbox 1637 1957 1652 1987; x_wconf 94' lang='lat'><strong>,</strong></span> <span class='ocrx_word' id='word_1_102' title='bbox 1714 1908 1883 1993; x_wconf 91' lang='lat' dir='ltr'><strong>quod</strong></span> <span class='ocrx_word' id='word_1_103' title='bbox 1940 1909 2081 1995; x_wconf 90' lang='lat' dir='ltr'><strong>ipse</strong></span> <span class='ocrx_word' id='word_1_104' title='bbox 2141 1908 2222 1973; x_wconf 88' lang='lat' dir='ltr'><strong>ad</strong></span> <span class='ocrx_word' id='word_1_105' title='bbox 2283 1908 2527 1974; x_wconf 89' lang='lat' dir='ltr'><strong>domini</strong></span> <span class='ocrx_word' id='word_1_106' title='bbox 2585 1909 2796 1975; x_wconf 89' lang='lat' dir='ltr'><strong>nostri</strong></span> <span class='ocrx_word' id='word_1_107' title='bbox 2858 1910 2907 1975; x_wconf 84' lang='lat' dir='ltr'>J</span> <span class='ocrx_word' id='word_1_108' title='bbox 2909 1930 3023 1973; x_wconf 90' lang='lat' dir='ltr'><strong>esu</strong></span> 
     </span>
     <span class='ocr_line' id='line_1_15' title="bbox 510 1996 3023 2083; baseline -0.001 -19"><span class='ocrx_word' id='word_1_109' title='bbox 510 1996 749 2064; x_wconf 76' lang='lat' dir='ltr'><strong>Christi</strong></span> <span class='ocrx_word' id='word_1_110' title='bbox 793 1997 1068 2083; x_wconf 83' lang='lat' dir='ltr'><strong>gloriam</strong></span> <span class='ocrx_word' id='word_1_111' title='bbox 1114 1999 1179 2061; x_wconf 90' lang='lat' dir='ltr'><strong>et</strong></span> <span class='ocrx_word' id='word_1_112' title='bbox 1222 1996 1551 2075; x_wconf 89' lang='lat' dir='ltr'><strong>honorem,</strong></span> <span class='ocrx_word' id='word_1_113' title='bbox 1582 2018 1837 2063; x_wconf 91' lang='lat' dir='ltr'><strong>necnon</strong></span> <span class='ocrx_word' id='word_1_114' title='bbox 1882 1998 2075 2062; x_wconf 90' lang='lat' dir='ltr'><strong>unius</strong></span> <span class='ocrx_word' id='word_1_115' title='bbox 2120 1998 2308 2083; x_wconf 84' lang='lat' dir='ltr'><strong>spine</strong></span> <span class='ocrx_word' id='word_1_116' title='bbox 2357 2001 2423 2063; x_wconf 91' lang='lat' dir='ltr'><strong>et</strong></span> <span class='ocrx_word' id='word_1_117' title='bbox 2467 1999 2545 2064; x_wconf 92' lang='lat' dir='ltr'><strong>de</strong></span> <span class='ocrx_word' id='word_1_118' title='bbox 2592 2021 2831 2064; x_wconf 85' lang='lat' dir='ltr'><strong>corona</strong></span> <span class='ocrx_word' id='word_1_119' title='bbox 2882 1998 3023 2082; x_wconf 91' lang='lat' dir='ltr'><strong>spi-</strong></span> 
     </span>
     <span class='ocr_line' id='line_1_16' title="bbox 506 2084 3024 2170; baseline -0 -18"><span class='ocrx_word' id='word_1_120' title='bbox 506 2108 651 2166; x_wconf 90' lang='lat' dir='ltr'><strong>nea,</strong></span> <span class='ocrx_word' id='word_1_121' title='bbox 697 2086 1126 2151; x_wconf 90' lang='lat' dir='ltr'><strong>sacratissimo</strong></span> <span class='ocrx_word' id='word_1_122' title='bbox 1186 2085 1383 2169; x_wconf 88' lang='lat' dir='ltr'><strong>capiti</strong></span> <span class='ocrx_word' id='word_1_123' title='bbox 1441 2084 1728 2170; x_wconf 83' lang='lat' dir='ltr'><strong>ejusdem</strong></span> <span class='ocrx_word' id='word_1_124' title='bbox 1791 2085 2036 2151; x_wconf 91' lang='lat' dir='ltr'><strong>domini</strong></span> <span class='ocrx_word' id='word_1_125' title='bbox 2097 2088 2304 2152; x_wconf 86' lang='lat' dir='ltr'><strong>nostri</strong></span> <span class='ocrx_word' id='word_1_126' title='bbox 2366 2088 2410 2153; x_wconf 87' lang='lat' dir='ltr'><strong>J</strong></span> <span class='ocrx_word' id='word_1_127' title='bbox 2412 2109 2527 2152; x_wconf 91' lang='lat' dir='ltr'><strong>esu</strong></span> <span class='ocrx_word' id='word_1_128' title='bbox 2591 2086 2829 2153; x_wconf 83' lang='lat' dir='ltr'><strong>Christi</strong></span> <span class='ocrx_word' id='word_1_129' title='bbox 2896 2088 3024 2151; x_wconf 89' lang='lat' dir='ltr'><strong>im·-</strong></span> 
     </span>
     <span class='ocr_line' id='line_1_17' title="bbox 507 2172 3023 2261; baseline 0 -23"><span class='ocrx_word' id='word_1_130' title='bbox 507 2196 748 2260; x_wconf 91' lang='lat' dir='ltr'><strong>pressa,</strong></span> <span class='ocrx_word' id='word_1_131' title='bbox 794 2174 1034 2239; x_wconf 90' lang='lat' dir='ltr'><strong>dudum</strong></span> <span class='ocrx_word' id='word_1_132' title='bbox 1081 2194 1198 2258; x_wconf 89' lang='lat' dir='ltr'><strong>per</strong></span> <span class='ocrx_word' id='word_1_133' title='bbox 1241 2174 1637 2239; x_wconf 89' lang='lat' dir='ltr'><strong>carissimum</strong></span> <span class='ocrx_word' id='word_1_134' title='bbox 1682 2176 1752 2238; x_wconf 92' lang='lat' dir='ltr'><strong>in</strong></span> <span class='ocrx_word' id='word_1_135' title='bbox 1786 2172 2037 2241; x_wconf 83' lang='lat' dir='ltr'><strong>Christo</strong></span> <span class='ocrx_word' id='word_1_136' title='bbox 2067 2176 2272 2240; x_wconf 89' lang='lat' dir='ltr'><strong>filium</strong></span> <span class='ocrx_word' id='word_1_137' title='bbox 2302 2178 2593 2242; x_wconf 91' lang='lat' dir='ltr'><strong>nostrum</strong></span> <span class='ocrx_word' id='word_1_138' title='bbox 2627 2176 3023 2261; x_wconf 86' lang='lat' dir='ltr'><strong>Philippum,</strong></span> 
     </span>
     <span class='ocr_line' id='line_1_18' title="bbox 507 2263 3024 2350; baseline 0 -22"><span class='ocrx_word' id='word_1_139' title='bbox 507 2285 731 2350; x_wconf 84' lang='lat' dir='ltr'><strong>regem</strong></span> <span class='ocrx_word' id='word_1_140' title='bbox 773 2264 1167 2329; x_wconf 81' lang='lat' dir='ltr'><strong>Francorum</strong></span> <span class='ocrx_word' id='word_1_141' title='bbox 1211 2263 1542 2342; x_wconf 88' lang='lat' dir='ltr'><strong>illustrem,</strong></span> <span class='ocrx_word' id='word_1_142' title='bbox 1592 2263 1800 2328; x_wconf 89' lang='lat' dir='ltr'><strong>eidem</strong></span> <span class='ocrx_word' id='word_1_143' title='bbox 1846 2264 1990 2328; x_wconf 89' lang='lat' dir='ltr'><strong>duci</strong></span> <span class='ocrx_word' id='word_1_144' title='bbox 2034 2265 2301 2342; x_wconf 90' lang='lat' dir='ltr'><strong>donate,</strong></span> <span class='ocrx_word' id='word_1_145' title='bbox 2346 2266 2910 2332; x_wconf 85' lang='lat' dir='ltr'><strong>conservationem</strong></span> <span class='ocrx_word' id='word_1_146' title='bbox 2959 2267 3024 2329; x_wconf 91' lang='lat' dir='ltr'><strong>et</strong></span> 
     </span>
     <span class='ocr_line' id='line_1_19' title="bbox 505 2352 3020 2439; baseline 0.001 -23"><span class='ocrx_word' id='word_1_147' title='bbox 505 2353 937 2418; x_wconf 84' lang='lat' dir='ltr'><strong>reverentiam</strong></span> <span class='ocrx_word' id='word_1_148' title='bbox 996 2352 1202 2417; x_wconf 87' lang='lat' dir='ltr'><strong>sancti</strong></span> <span class='ocrx_word' id='word_1_149' title='bbox 1247 2352 1607 2418; x_wconf 88' lang='lat' dir='ltr'><strong>Wenceslai</strong></span> <span class='ocrx_word' id='word_1_150' title='bbox 1667 2356 1732 2417; x_wconf 89' lang='lat' dir='ltr'><strong>et</strong></span> <span class='ocrx_word' id='word_1_151' title='bbox 1790 2353 2060 2417; x_wconf 90' lang='lat' dir='ltr'><strong>aliorum</strong></span> <span class='ocrx_word' id='word_1_152' title='bbox 2118 2357 2487 2418; x_wconf 88' lang='lat' dir='ltr'><strong>sanctorum</strong></span> <span class='ocrx_word' id='word_1_153' title='bbox 2534 2354 2864 2439; x_wconf 91' lang='lat' dir='ltr'><strong>quandam</strong></span> <span class='ocrx_word' id='word_1_154' title='bbox 2914 2376 3020 2419; x_wconf 88' lang='lat' dir='ltr'><strong>ca-</strong></span> 
     </span>
     <span class='ocr_line' id='line_1_20' title="bbox 505 2440 3020 2532; baseline 0 -25"><span class='ocrx_word' id='word_1_155' title='bbox 505 2442 745 2526; x_wconf 90' lang='lat' dir='ltr'><strong>pellam</strong></span> <span class='ocrx_word' id='word_1_156' title='bbox 787 2442 859 2507; x_wconf 88' lang='lat' dir='ltr'><strong>in</strong></span> <span class='ocrx_word' id='word_1_157' title='bbox 903 2441 1039 2506; x_wconf 91' lang='grc'>1000</span> <span class='ocrx_word' id='word_1_158' title='bbox 1082 2440 1502 2506; x_wconf 87' lang='lat' dir='ltr'><strong>habitationis</strong></span> <span class='ocrx_word' id='word_1_159' title='bbox 1548 2441 1835 2532; x_wconf 88' lang='lat' dir='ltr'><strong>ejusdem</strong></span> <span class='ocrx_word' id='word_1_160' title='bbox 1879 2441 2072 2521; x_wconf 87' lang='grc'>1111013,</span> <span class='ocrx_word' id='word_1_161' title='bbox 2119 2441 2464 2507; x_wconf 87' lang='lat' dir='ltr'><strong>videlicet</strong></span> <span class='ocrx_word' id='word_1_162' title='bbox 2445 2466 2515 2507; x_wconf 90' lang='grc'><strong>111</strong></span> <span class='ocrx_word' id='word_1_163' title='bbox 2565 2444 3020 2528; x_wconf 84' lang='lat' dir='ltr'><strong>Wittemberg,</strong></span> 
     </span>
     <span class='ocr_line' id='line_1_21' title="bbox 506 2530 3020 2619; baseline 0 -22"><span class='ocrx_word' id='word_1_164' title='bbox 506 2530 1115 2618; x_wconf 85' lang='lat' dir='ltr'><strong>Brandeburgensis</strong></span> <span class='ocrx_word' id='word_1_165' title='bbox 1160 2530 1442 2610; x_wconf 78' lang='grc'>1110110313,</span> <span class='ocrx_word' id='word_1_166' title='bbox 1489 2531 1793 2596; x_wconf 88' lang='grc'>0311011100</span> <span class='ocrx_word' id='word_1_167' title='bbox 1839 2531 2122 2597; x_wconf 88' lang='lat' dir='ltr'><strong>construi</strong></span> <span class='ocrx_word' id='word_1_168' title='bbox 2166 2533 2423 2612; x_wconf 82' lang='lat' dir='ltr'><strong>fecerat,</strong></span> <span class='ocrx_word' id='word_1_169' title='bbox 2495 2555 2764 2619; x_wconf 89' lang='lat' dir='ltr'><strong>eamque</strong></span> <span class='ocrx_word' id='word_1_170' title='bbox 2823 2533 3020 2598; x_wconf 90' lang='lat' dir='ltr'><strong>certis</strong></span> 
     </span>
     <span class='ocr_line' id='line_1_22' title="bbox 503 2619 3021 2705; baseline 0 -20"><span class='ocrx_word' id='word_1_171' title='bbox 503 2620 708 2701; x_wconf 91' lang='lat' dir='ltr'><strong>bonis,</strong></span> <span class='ocrx_word' id='word_1_172' title='bbox 755 2619 837 2685; x_wconf 89' lang='lat' dir='ltr'><strong>ad</strong></span> <span class='ocrx_word' id='word_1_173' title='bbox 884 2620 1160 2685; x_wconf 90' lang='lat' dir='ltr'><strong>eundem</strong></span> <span class='ocrx_word' id='word_1_174' title='bbox 1204 2621 1427 2685; x_wconf 90' lang='lat' dir='ltr'><strong>ducem</strong></span> <span class='ocrx_word' id='word_1_175' title='bbox 1473 2621 1929 2705; x_wconf 85' lang='lat' dir='ltr'><strong>spectantibus,</strong></span> <span class='ocrx_word' id='word_1_176' title='bbox 1976 2643 2093 2705; x_wconf 90' lang='lat' dir='ltr'><strong>pro</strong></span> <span class='ocrx_word' id='word_1_177' title='bbox 2139 2622 2485 2687; x_wconf 87' lang='lat' dir='ltr'><strong>sufficienti</strong></span> <span class='ocrx_word' id='word_1_178' title='bbox 2543 2622 3021 2688; x_wconf 88' lang='lat' dir='ltr'><strong>sustentatione</strong></span> 
     </span>
     <span class='ocr_line' id='line_1_23' title="bbox 507 2709 3018 2795; baseline 0.002 -23"><span class='ocrx_word' id='word_1_179' title='bbox 507 2710 1015 2795; x_wconf 89' lang='lat' dir='ltr'><strong>presbiterorum</strong></span> <span class='ocrx_word' id='word_1_180' title='bbox 1062 2711 1128 2773; x_wconf 91' lang='lat' dir='ltr'><strong>et</strong></span> <span class='ocrx_word' id='word_1_181' title='bbox 1171 2709 1538 2774; x_wconf 92' lang='lat' dir='ltr'><strong>clericorum</strong></span> <span class='ocrx_word' id='word_1_182' title='bbox 1582 2709 1747 2774; x_wconf 89' lang='lat' dir='ltr'><strong>inibi</strong></span> <span class='ocrx_word' id='word_1_183' title='bbox 1793 2709 2248 2795; x_wconf 86' lang='lat' dir='ltr'><strong>deputatorum</strong></span> <span class='ocrx_word' id='word_1_184' title='bbox 2295 2709 2645 2791; x_wconf 86' lang='lat' dir='ltr'><strong>dotaverat,</strong></span> <span class='ocrx_word' id='word_1_185' title='bbox 2690 2732 2812 2775; x_wconf 93' lang='lat' dir='ltr'><strong>nos</strong></span> <span class='ocrx_word' id='word_1_186' title='bbox 2842 2711 3018 2795; x_wconf 90' lang='lat' dir='ltr'><strong>ejus-</strong></span> 
     </span>
     <span class='ocr_line' id='line_1_24' title="bbox 503 2798 3017 2885; baseline 0 -22"><span class='ocrx_word' id='word_1_187' title='bbox 503 2798 652 2863; x_wconf 93' lang='lat' dir='ltr'><strong>dem</strong></span> <span class='ocrx_word' id='word_1_188' title='bbox 699 2798 874 2863; x_wconf 89' lang='lat' dir='ltr'><strong>ducis</strong></span> <span class='ocrx_word' id='word_1_189' title='bbox 921 2798 1497 2883; x_wconf 88' lang='lat' dir='ltr'><strong>supplicationibus</strong></span> <span class='ocrx_word' id='word_1_190' title='bbox 1544 2801 1925 2878; x_wconf 82' lang='lat' dir='ltr'><strong>annuentes,</strong></span> <span class='ocrx_word' id='word_1_191' title='bbox 1974 2799 2353 2864; x_wconf 87' lang='lat' dir='ltr'><strong>auctoritate</strong></span> <span class='ocrx_word' id='word_1_192' title='bbox 2387 2802 2743 2885; x_wconf 86' lang='lat' dir='ltr'><strong>apostolica</strong></span> <span class='ocrx_word' id='word_1_193' title='bbox 2788 2821 3017 2865; x_wconf 91' lang='lat' dir='ltr'><strong>conce-</strong></span> 
     </span>
     <span class='ocr_line' id='line_1_25' title="bbox 501 2886 3019 2974; baseline 0 -22"><span class='ocrx_word' id='word_1_194' title='bbox 501 2886 785 2954; x_wconf 91' lang='lat' dir='ltr'><strong>dendum</strong></span> <span class='ocrx_word' id='word_1_195' title='bbox 830 2886 1125 2952; x_wconf 85' lang='lat' dir='ltr'><strong>duximus</strong></span> <span class='ocrx_word' id='word_1_196' title='bbox 1186 2889 1252 2951; x_wconf 93' lang='lat' dir='ltr'><strong>et</strong></span> <span class='ocrx_word' id='word_1_197' title='bbox 1310 2889 1507 2953; x_wconf 87' lang='lat' dir='ltr'><strong>etiam</strong></span> <span class='ocrx_word' id='word_1_198' title='bbox 1565 2888 1994 2953; x_wconf 90' lang='lat' dir='ltr'><strong>ordinandum</strong></span> <span class='ocrx_word' id='word_1_199' title='bbox 2012 2936 2027 2966; x_wconf 93' lang='lat'><strong>,</strong></span> <span class='ocrx_word' id='word_1_200' title='bbox 2088 2889 2256 2972; x_wconf 89' lang='lat' dir='ltr'><strong>quod</strong></span> <span class='ocrx_word' id='word_1_201' title='bbox 2300 2890 2372 2952; x_wconf 88' lang='lat' dir='ltr'><strong>in</strong></span> <span class='ocrx_word' id='word_1_202' title='bbox 2418 2889 2705 2974; x_wconf 91' lang='lat' dir='ltr'><strong>predicta</strong></span> <span class='ocrx_word' id='word_1_203' title='bbox 2766 2890 3019 2974; x_wconf 88' lang='lat' dir='ltr'><strong>capella</strong></span> 
     </span>
     <span class='ocr_line' id='line_1_26' title="bbox 500 2975 3019 3064; baseline 0 -23"><span class='ocrx_word' id='word_1_204' title='bbox 500 2975 780 3044; x_wconf 90' lang='lat' dir='ltr'><strong>decanus</strong></span> <span class='ocrx_word' id='word_1_205' title='bbox 825 2999 939 3042; x_wconf 91' lang='lat' dir='ltr'><strong>seu</strong></span> <span class='ocrx_word' id='word_1_206' title='bbox 983 2977 1348 3063; x_wconf 89' lang='lat' dir='ltr'><strong>prepositus</strong></span> <span class='ocrx_word' id='word_1_207' title='bbox 1408 2979 1727 3062; x_wconf 90' lang='lat' dir='ltr'><strong>perpetuo</strong></span> <span class='ocrx_word' id='word_1_208' title='bbox 1785 2999 1923 3042; x_wconf 90' lang='lat' dir='ltr'><strong>esse</strong></span> <span class='ocrx_word' id='word_1_209' title='bbox 1970 2977 2231 3056; x_wconf 89' lang='lat' dir='ltr'><strong>debeat,</strong></span> <span class='ocrx_word' id='word_1_210' title='bbox 2293 2979 2405 3062; x_wconf 93' lang='lat' dir='ltr'><strong>qui</strong></span> <span class='ocrx_word' id='word_1_211' title='bbox 2462 3001 2580 3063; x_wconf 92' lang='lat' dir='ltr'><strong>per</strong></span> <span class='ocrx_word' id='word_1_212' title='bbox 2622 2978 3019 3064; x_wconf 88' lang='lat' dir='ltr'><strong>presbiteros</strong></span> 
     </span>
     <span class='ocr_line' id='line_1_27' title="bbox 501 3066 3016 3152; baseline 0 -22"><span class='ocrx_word' id='word_1_213' title='bbox 501 3068 570 3131; x_wconf 90' lang='lat' dir='ltr'><strong>et</strong></span> <span class='ocrx_word' id='word_1_214' title='bbox 613 3067 870 3132; x_wconf 89' lang='lat' dir='ltr'><strong>clericos</strong></span> <span class='ocrx_word' id='word_1_215' title='bbox 918 3066 1204 3151; x_wconf 88' lang='lat' dir='ltr'><strong>ejusdem</strong></span> <span class='ocrx_word' id='word_1_216' title='bbox 1250 3067 1492 3151; x_wconf 86' lang='lat' dir='ltr'><strong>capelle</strong></span> <span class='ocrx_word' id='word_1_217' title='bbox 1537 3068 1674 3131; x_wconf 87' lang='lat' dir='ltr'><strong>tam</strong></span> <span class='ocrx_word' id='word_1_218' title='bbox 1704 3066 1916 3150; x_wconf 87' lang='lat' dir='ltr'><strong>prima</strong></span> <span class='ocrx_word' id='word_1_219' title='bbox 1960 3066 2114 3145; x_wconf 86' lang='lat' dir='ltr'><strong>vice,</strong></span> <span class='ocrx_word' id='word_1_220' title='bbox 2163 3088 2357 3150; x_wconf 87' lang='lat' dir='ltr'><strong>quam</strong></span> <span class='ocrx_word' id='word_1_221' title='bbox 2387 3068 2820 3151; x_wconf 91' lang='lat' dir='ltr'><strong>postmodum,</strong></span> <span class='ocrx_word' id='word_1_222' title='bbox 2852 3089 3016 3152; x_wconf 92' lang='lat' dir='ltr'><strong>quo-</strong></span> 
     </span>
     <span class='ocr_line' id='line_1_28' title="bbox 500 3155 3018 3242; baseline 0 -22"><span class='ocrx_word' id='word_1_223' title='bbox 500 3155 625 3221; x_wconf 88' lang='lat' dir='ltr'><strong>ties</strong></span> <span class='ocrx_word' id='word_1_224' title='bbox 672 3156 897 3222; x_wconf 87' lang='lat' dir='ltr'><strong>eadem</strong></span> <span class='ocrx_word' id='word_1_225' title='bbox 942 3156 1189 3241; x_wconf 89' lang='lat' dir='ltr'><strong>capella</strong></span> <span class='ocrx_word' id='word_1_226' title='bbox 1233 3156 1474 3221; x_wconf 86' lang='lat' dir='ltr'><strong>decano</strong></span> <span class='ocrx_word' id='word_1_227' title='bbox 1521 3178 1635 3220; x_wconf 90' lang='lat' dir='ltr'><strong>seu</strong></span> <span class='ocrx_word' id='word_1_228' title='bbox 1686 3157 2016 3240; x_wconf 90' lang='lat' dir='ltr'><strong>preposito</strong></span> <span class='ocrx_word' id='word_1_229' title='bbox 2046 3177 2263 3220; x_wconf 86' lang='lat' dir='ltr'><strong>carere</strong></span> <span class='ocrx_word' id='word_1_230' title='bbox 2302 3157 2665 3242; x_wconf 87' lang='lat' dir='ltr'><strong>contigerit,</strong></span> <span class='ocrx_word' id='word_1_231' title='bbox 2715 3158 3018 3242; x_wconf 86' lang='lat' dir='ltr'><strong>eligatur,</strong></span> 
     </span>
     <span class='ocr_line' id='line_1_29' title="bbox 502 3245 3018 3330; baseline 0 -20"><span class='ocrx_word' id='word_1_232' title='bbox 502 3245 799 3330; x_wconf 91' lang='lat' dir='ltr'><strong>quodque</strong></span> <span class='ocrx_word' id='word_1_233' title='bbox 832 3246 1125 3330; x_wconf 88' lang='lat' dir='ltr'><strong>prefatus</strong></span> <span class='ocrx_word' id='word_1_234' title='bbox 1159 3245 1289 3309; x_wconf 86' lang='lat' dir='ltr'><strong>dux</strong></span> <span class='ocrx_word' id='word_1_235' title='bbox 1335 3268 1408 3310; x_wconf 92' lang='lat' dir='ltr'><strong>ac</strong></span> <span class='ocrx_word' id='word_1_236' title='bbox 1453 3245 1724 3309; x_wconf 89' lang='lat' dir='ltr'><strong>heredes</strong></span> <span class='ocrx_word' id='word_1_237' title='bbox 1756 3248 1822 3309; x_wconf 91' lang='lat' dir='ltr'><strong>et</strong></span> <span class='ocrx_word' id='word_1_238' title='bbox 1853 3266 2242 3309; x_wconf 85' lang='lat' dir='ltr'><strong>successores</strong></span> <span class='ocrx_word' id='word_1_239' title='bbox 2290 3245 2591 3328; x_wconf 86' lang='lat' dir='ltr'><strong>ejusdem,</strong></span> <span class='ocrx_word' id='word_1_240' title='bbox 2639 3246 3018 3310; x_wconf 87' lang='lat' dir='ltr'><strong>cedentibus</strong></span> 
     </span>
     <span class='ocr_line' id='line_1_30' title="bbox 501 3333 3011 3420; baseline 0 -22"><span class='ocrx_word' id='word_1_241' title='bbox 501 3334 606 3398; x_wconf 85' lang='lat' dir='ltr'><strong>vel</strong></span> <span class='ocrx_word' id='word_1_242' title='bbox 652 3334 1104 3399; x_wconf 89' lang='lat' dir='ltr'><strong>decedentibus</strong></span> <span class='ocrx_word' id='word_1_243' title='bbox 1123 3334 1327 3419; x_wconf 90' lang='lat' dir='ltr'><strong>ipsius</strong></span> <span class='ocrx_word' id='word_1_244' title='bbox 1348 3334 1591 3419; x_wconf 88' lang='lat' dir='ltr'><strong>capelle</strong></span> <span class='ocrx_word' id='word_1_245' title='bbox 1612 3334 1987 3419; x_wconf 87' lang='lat' dir='ltr'><strong>presbiteris</strong></span> <span class='ocrx_word' id='word_1_246' title='bbox 2022 3337 2089 3398; x_wconf 88' lang='lat' dir='ltr'><strong>et</strong></span> <span class='ocrx_word' id='word_1_247' title='bbox 2116 3333 2375 3413; x_wconf 90' lang='lat' dir='ltr'><strong>clericis,</strong></span> <span class='ocrx_word' id='word_1_248' title='bbox 2426 3335 2584 3399; x_wconf 90' lang='lat' dir='ltr'><strong>alios</strong></span> <span class='ocrx_word' id='word_1_249' title='bbox 2614 3335 3011 3420; x_wconf 88' lang='lat' dir='ltr'><strong>presbiteros</strong></span> 
     </span>
     <span class='ocr_line' id='line_1_31' title="bbox 503 3422 3016 3511; baseline 0 -24"><span class='ocrx_word' id='word_1_250' title='bbox 503 3424 571 3487; x_wconf 90' lang='lat' dir='ltr'><strong>et</strong></span> <span class='ocrx_word' id='word_1_251' title='bbox 587 3422 848 3488; x_wconf 88' lang='lat' dir='ltr'><strong>clericos</strong></span> <span class='ocrx_word' id='word_1_252' title='bbox 868 3424 1109 3488; x_wconf 87' lang='lat' dir='ltr'><strong>decano</strong></span> <span class='ocrx_word' id='word_1_253' title='bbox 1138 3446 1251 3489; x_wconf 90' lang='lat' dir='ltr'><strong>seu</strong></span> <span class='ocrx_word' id='word_1_254' title='bbox 1281 3423 1618 3511; x_wconf 92' lang='lat' dir='ltr'><strong>preposito</strong></span> <span class='ocrx_word' id='word_1_255' title='bbox 1639 3423 1924 3507; x_wconf 88' lang='lat' dir='ltr'><strong>ejusdem</strong></span> <span class='ocrx_word' id='word_1_256' title='bbox 1958 3422 2220 3507; x_wconf 86' lang='lat' dir='ltr'><strong>capelle,-</strong></span> <span class='ocrx_word' id='word_1_257' title='bbox 2244 3423 2355 3507; x_wconf 92' lang='lat' dir='ltr'><strong>qui</strong></span> <span class='ocrx_word' id='word_1_258' title='bbox 2374 3445 2492 3507; x_wconf 90' lang='lat' dir='ltr'><strong>pro</strong></span> <span class='ocrx_word' id='word_1_259' title='bbox 2510 3426 2798 3507; x_wconf 91' lang='lat' dir='ltr'><strong>tempore</strong></span> <span class='ocrx_word' id='word_1_260' title='bbox 2820 3424 3016 3501; x_wconf 88' lang='lat' dir='ltr'><strong>foret,</strong></span> 
     </span>
     <span class='ocr_line' id='line_1_32' title="bbox 499 3511 3014 3599; baseline 0.001 -23"><span class='ocrx_word' id='word_1_261' title='bbox 499 3512 835 3598; x_wconf 89' lang='lat' dir='ltr'><strong>perpetuis</strong></span> <span class='ocrx_word' id='word_1_262' title='bbox 865 3513 1100 3577; x_wconf 81' lang='lat' dir='ltr'><strong>futuris</strong></span> <span class='ocrx_word' id='word_1_263' title='bbox 1131 3514 1530 3599; x_wconf 89' lang='lat' dir='ltr'><strong>temporibus</strong></span> <span class='ocrx_word' id='word_1_264' title='bbox 1561 3514 1954 3599; x_wconf 91' lang='lat' dir='ltr'><strong>presentare,</strong></span> <span class='ocrx_word' id='word_1_265' title='bbox 1975 3511 2272 3597; x_wconf 88' lang='lat' dir='ltr'><strong>idemque</strong></span> <span class='ocrx_word' id='word_1_266' title='bbox 2304 3512 2581 3577; x_wconf 88' lang='lat' dir='ltr'><strong>decanus</strong></span> <span class='ocrx_word' id='word_1_267' title='bbox 2614 3534 2728 3578; x_wconf 92' lang='lat' dir='ltr'><strong>seu</strong></span> <span class='ocrx_word' id='word_1_268' title='bbox 2773 3535 3014 3598; x_wconf 90' lang='lat' dir='ltr'><strong>prepo-</strong></span> 
     </span>
     <span class='ocr_line' id='line_1_33' title="bbox 497 3600 3012 3687; baseline 0 -22"><span class='ocrx_word' id='word_1_269' title='bbox 497 3600 659 3667; x_wconf 91' lang='lat' dir='ltr'><strong>situs</strong></span> <span class='ocrx_word' id='word_1_270' title='bbox 707 3601 1028 3687; x_wconf 90' lang='lat' dir='ltr'><strong>predictos</strong></span> <span class='ocrx_word' id='word_1_271' title='bbox 1092 3603 1481 3687; x_wconf 89' lang='lat' dir='ltr'><strong>presbiteros</strong></span> <span class='ocrx_word' id='word_1_272' title='bbox 1529 3605 1595 3667; x_wconf 91' lang='lat' dir='ltr'><strong>et</strong></span> <span class='ocrx_word' id='word_1_273' title='bbox 1639 3603 1896 3666; x_wconf 88' lang='lat' dir='ltr'><strong>clericos</strong></span> <span class='ocrx_word' id='word_1_274' title='bbox 1912 3652 1926 3679; x_wconf 87' lang='lat'><strong>,</strong></span> <span class='ocrx_word' id='word_1_275' title='bbox 1991 3604 2065 3666; x_wconf 93' lang='lat' dir='ltr'><strong>ut</strong></span> <span class='ocrx_word' id='word_1_276' title='bbox 2109 3602 2506 3686; x_wconf 90' lang='lat' dir='ltr'><strong>premittitur</strong></span> <span class='ocrx_word' id='word_1_277' title='bbox 2520 3651 2535 3680; x_wconf 92' lang='lat'><strong>,</strong></span> <span class='ocrx_word' id='word_1_278' title='bbox 2583 3603 3012 3686; x_wconf 86' lang='lat' dir='ltr'><strong>presentatos,</strong></span> 
     </span>
     <span class='ocr_line' id='line_1_34' title="bbox 495 3689 3012 3777; baseline -0 -22"><span class='ocrx_word' id='word_1_279' title='bbox 495 3689 578 3755; x_wconf 90' lang='lat' dir='ltr'><strong>ad</strong></span> <span class='ocrx_word' id='word_1_280' title='bbox 623 3691 1179 3777; x_wconf 89' lang='lat' dir='ltr'><strong>presentationem</strong></span> <span class='ocrx_word' id='word_1_281' title='bbox 1240 3691 1608 3777; x_wconf 90' lang='lat' dir='ltr'><strong>hujusmodi</strong></span> <span class='ocrx_word' id='word_1_282' title='bbox 1665 3692 1737 3755; x_wconf 91' lang='lat' dir='ltr'><strong>in</strong></span> <span class='ocrx_word' id='word_1_283' title='bbox 1782 3689 2171 3776; x_wconf 90' lang='lat' dir='ltr'><strong>presbiteros</strong></span> <span class='ocrx_word' id='word_1_284' title='bbox 2232 3712 2346 3754; x_wconf 91' lang='lat' dir='ltr'><strong>seu</strong></span> <span class='ocrx_word' id='word_1_285' title='bbox 2404 3691 2662 3755; x_wconf 90' lang='lat' dir='ltr'><strong>clericos</strong></span> <span class='ocrx_word' id='word_1_286' title='bbox 2725 3691 3012 3775; x_wconf 86' lang='lat' dir='ltr'><strong>ejusdem</strong></span> 
     </span>
     <span class='ocr_line' id='line_1_35' title="bbox 493 3779 3009 3867; baseline 0 -23"><span class='ocrx_word' id='word_1_287' title='bbox 493 3781 739 3865; x_wconf 90' lang='lat' dir='ltr'><strong>capelle</strong></span> <span class='ocrx_word' id='word_1_288' title='bbox 784 3780 1125 3845; x_wconf 90' lang='lat' dir='ltr'><strong>instituere</strong></span> <span class='ocrx_word' id='word_1_289' title='bbox 1187 3780 1427 3846; x_wconf 89' lang='lat' dir='ltr'><strong>habeat</strong></span> <span class='ocrx_word' id='word_1_290' title='bbox 1443 3832 1458 3861; x_wconf 97' lang='lat'><strong>,</strong></span> <span class='ocrx_word' id='word_1_291' title='bbox 1518 3802 1716 3867; x_wconf 90' lang='lat' dir='ltr'><strong>super</strong></span> <span class='ocrx_word' id='word_1_292' title='bbox 1775 3801 1900 3864; x_wconf 93' lang='lat' dir='ltr'><strong>quo</strong></span> <span class='ocrx_word' id='word_1_293' title='bbox 1963 3779 2086 3843; x_wconf 91' lang='grc'>31111</span> <span class='ocrx_word' id='word_1_294' title='bbox 2140 3780 2526 3863; x_wconf 86' lang='lat' dir='ltr'><strong>potestatem</strong></span> <span class='ocrx_word' id='word_1_295' title='bbox 2583 3780 3009 3844; x_wconf 88' lang='lat' dir='ltr'><strong>concessimus</strong></span> 
     </span>
     <span class='ocr_line' id='line_1_36' title="bbox 492 3867 2999 3956; baseline -0.001 -23"><span class='ocrx_word' id='word_1_296' title='bbox 492 3890 611 3953; x_wconf 92' lang='lat' dir='ltr'><strong>per</strong></span> <span class='ocrx_word' id='word_1_297' title='bbox 631 3870 788 3934; x_wconf 90' lang='lat' dir='ltr'><strong>alias</strong></span> <span class='ocrx_word' id='word_1_298' title='bbox 817 3874 1071 3935; x_wconf 89' lang='lat' dir='ltr'><strong>nostras</strong></span> <span class='ocrx_word' id='word_1_299' title='bbox 1088 3870 1355 3952; x_wconf 90' lang='lat' dir='ltr'><strong>litteras,</strong></span> <span class='ocrx_word' id='word_1_300' title='bbox 1386 3870 1506 3956; x_wconf 90' lang='lat' dir='ltr'><strong>(et)</strong></span> <span class='ocrx_word' id='word_1_301' title='bbox 1528 3870 1845 3945; x_wconf 88' lang='lat' dir='ltr'><strong>teneatur,</strong></span> <span class='ocrx_word' id='word_1_302' title='bbox 1875 3867 2439 3933; x_wconf 85' lang='lat' dir='ltr'><strong>constitutionibus</strong></span> <span class='ocrx_word' id='word_1_303' title='bbox 2473 3868 2835 3952; x_wconf 91' lang='lat' dir='ltr'><strong>apostolicis</strong></span> <span class='ocrx_word' id='word_1_304' title='bbox 2887 3892 2999 3933; x_wconf 93' lang='lat' dir='ltr'><strong>seu</strong></span> 
     </span>
     <span class='ocr_line' id='line_1_37' title="bbox 497 3920 3006 4041; baseline 0 -19"><span class='ocrx_word' id='word_1_305' title='bbox 497 3957 759 4023; x_wconf 90' lang='lat' dir='ltr'><strong>statutis</strong></span> <span class='ocrx_word' id='word_1_306' title='bbox 806 3961 873 4024; x_wconf 94' lang='lat' dir='ltr'><strong>et</strong></span> <span class='ocrx_word' id='word_1_307' title='bbox 917 3920 1486 4024; x_wconf 86' lang='lat' dir='ltr'><strong>consuetudinibus</strong></span> <span class='ocrx_word' id='word_1_308' title='bbox 1549 3957 1884 4023; x_wconf 87' lang='lat' dir='ltr'><strong>contrariis</strong></span> <span class='ocrx_word' id='word_1_309' title='bbox 1944 3978 2352 4041; x_wconf 87' lang='lat' dir='ltr'><strong>nequaquam</strong></span> <span class='ocrx_word' id='word_1_310' title='bbox 2411 3957 2817 4022; x_wconf 88' lang='lat' dir='ltr'><strong>obstantibus</strong></span> <span class='ocrx_word' id='word_1_311' title='bbox 2864 3958 3006 4041; x_wconf 92' lang='lat' dir='ltr'><strong>qui-</strong></span> 
     </span>
     <span class='ocr_line' id='line_1_38' title="bbox 493 4044 3006 4134; baseline -0 -23"><span class='ocrx_word' id='word_1_312' title='bbox 493 4046 912 4133; x_wconf 90' lang='lat' dir='ltr'><strong>buscumque,</strong></span> <span class='ocrx_word' id='word_1_313' title='bbox 959 4050 1157 4134; x_wconf 90' lang='lat' dir='ltr'><strong>prout</strong></span> <span class='ocrx_word' id='word_1_314' title='bbox 1217 4048 1290 4112; x_wconf 92' lang='lat' dir='ltr'><strong>in</strong></span> <span class='ocrx_word' id='word_1_315' title='bbox 1349 4047 1589 4113; x_wconf 88' lang='lat' dir='ltr'><strong>nostris</strong></span> <span class='ocrx_word' id='word_1_316' title='bbox 1650 4068 1843 4132; x_wconf 91' lang='lat' dir='ltr'><strong>super</strong></span> <span class='ocrx_word' id='word_1_317' title='bbox 1906 4045 2027 4110; x_wconf 90' lang='lat' dir='ltr'><strong>hoc</strong></span> <span class='ocrx_word' id='word_1_318' title='bbox 2090 4045 2396 4110; x_wconf 87' lang='lat' dir='ltr'><strong>confectis</strong></span> <span class='ocrx_word' id='word_1_319' title='bbox 2457 4044 2690 4110; x_wconf 90' lang='lat' dir='ltr'><strong>litteris</strong></span> <span class='ocrx_word' id='word_1_320' title='bbox 2754 4047 3006 4130; x_wconf 91' lang='lat' dir='ltr'><strong>plenius</strong></span> 
     </span>
     <span class='ocr_line' id='line_1_39' title="bbox 487 4134 2990 4222; baseline -0.001 -20"><span class='ocrx_word' id='word_1_321' title='bbox 487 4137 872 4204; x_wconf 88' lang='lat' dir='ltr'><strong>continetur.</strong></span> <span class='ocrx_word' id='word_1_322' title='bbox 964 4135 1125 4202; x_wconf 83' lang='lat' dir='ltr'><strong>Cum</strong></span> <span class='ocrx_word' id='word_1_323' title='bbox 1168 4139 1400 4217; x_wconf 89' lang='lat' dir='ltr'><strong>autem,</strong></span> <span class='ocrx_word' id='word_1_324' title='bbox 1447 4137 1609 4203; x_wconf 88' lang='lat' dir='ltr'><strong>sicut</strong></span> <span class='ocrx_word' id='word_1_325' title='bbox 1653 4157 1771 4222; x_wconf 87' lang='lat' dir='ltr'><strong>pro</strong></span> <span class='ocrx_word' id='word_1_326' title='bbox 1802 4138 1985 4220; x_wconf 80' lang='lat' dir='ltr'><strong>parte</strong></span> <span class='ocrx_word' id='word_1_327' title='bbox 2034 4148 2089 4220; x_wconf 83' lang='lat' dir='ltr'><strong>&#39;eJ</strong></span> <span class='ocrx_word' id='word_1_328' title='bbox 2077 4134 2320 4200; x_wconf 85' lang='lat' dir='ltr'><strong>’usdem</strong></span> <span class='ocrx_word' id='word_1_329' title='bbox 2350 4134 2525 4199; x_wconf 89' lang='lat' dir='ltr'><strong>ducis</strong></span> <span class='ocrx_word' id='word_1_330' title='bbox 2569 4134 2761 4199; x_wconf 91' lang='grc'>1101113</span> <span class='ocrx_word' id='word_1_331' title='bbox 2809 4134 2990 4200; x_wconf 85' lang='lat' dir='ltr'><strong>exhi-</strong></span> 
     </span>
    </p>
   </div>
   <div class='ocr_carea' id='block_1_5' title="bbox 506 4314 931 4329">
    <p class='ocr_par' dir='ltr' id='par_1_5' title="bbox 506 4314 931 4329">
     <span class='ocr_line' id='line_1_40' title="bbox 506 4314 931 4329; baseline 0 771"><span class='ocrx_word' id='word_1_332' title='bbox 506 4314 931 4329; x_wconf 95' lang='lat' dir='ltr'><strong> </strong></span> 
     </span>
    </p>
   </div>
   <div class='ocr_carea' id='block_1_6' title="bbox 670 4422 1266 4490">
    <p class='ocr_par' dir='ltr' id='par_1_6' title="bbox 670 4422 1266 4490">
     <span class='ocr_line' id='line_1_41' title="bbox 670 4422 1266 4490; baseline 0.002 -15"><span class='ocrx_word' id='word_1_333' title='bbox 670 4422 709 4488; x_wconf 81' lang='lat'><strong>¹)</strong></span> <span class='ocrx_word' id='word_1_334' title='bbox 745 4425 835 4475; x_wconf 78' lang='lat' dir='ltr'><strong>Or.</strong></span> <span class='ocrx_word' id='word_1_335' title='bbox 871 4423 1138 4490; x_wconf 72' lang='lat' dir='ltr'><strong>opiscopus</strong></span> <span class='ocrx_word' id='word_1_336' title='bbox 1176 4432 1266 4479; x_wconf 76' lang='lat' dir='ltr'><strong>oto.</strong></span> 
     </span>
    </p>
   </div>
   <div class='ocr_carea' id='block_1_7' title="bbox 3236 3051 3242 3720">
    <p class='ocr_par' dir='ltr' id='par_1_7' title="bbox 3236 3051 3242 3720">
     <span class='ocr_line' id='line_1_42' title="bbox 3236 3051 3242 3720; baseline 0 0"><span class='ocrx_word' id='word_1_337' title='bbox 3236 3051 3242 3720; x_wconf 95' lang='lat' dir='ltr'><strong> </strong></span> 
     </span>
    </p>
   </div>
  </div>
 </body>
</html>
