3292 5100
2660 389 2784 454 129

1489 605 1588 669 10.

474 748 776 816 Urbanus
816 748 943 816 IV.
970 733 1322 833 ¹confirmat
1365 747 1721 814 electionem
1758 747 2130 833 Enqelberbi
2171 746 2619 833 archiepiscopi
2668 744 2789 810 00-

283 855 606 923 lonim.
651 856 732 942 es.
777 855 897 921 Nr.
924 858 1076 926 208.
1138 855 1387 938 Apud
1433 855 1723 922 Urbem
1763 860 2143 936 veterem,
2188 853 2398 921 1262
2425 854 2624 921 Dee.
2653 853 2785 922 31.

468 995 766 1083 Capitulo
812 999 879 1061 et
921 997 1087 1061 clero
1131 996 1406 1062 civitatis
1455 998 1522 1061 et
1565 997 1829 1062 diocesis
1879 994 2291 1063 Coloniensis.
2381 995 2695 1061 Plantans
2742 1019 2781 1061 a

288 1086 611 1173 principio
657 1086 951 1151 dominus
997 1085 1152 1150 deus
1194 1087 1452 1153 ecclesie
1482 1086 1890 1172 paradysum,
1936 1086 2008 1150 in
2040 1106 2165 1170 quo
2196 1085 2413 1171 posuit
2441 1085 2786 1163 hominem,

287 1198 484 1263 quem
528 1178 854 1255 formarat,
899 1175 1072 1240 inter
1134 1175 1261 1239 alia
1318 1175 1502 1262 ligna
1547 1176 1890 1259 pomifera,
1937 1175 2203 1259 pulchra
2248 1175 2389 1239 visu
2437 1177 2503 1238 et
2549 1175 2629 1239 ad
2675 1196 2786 1239 ve-

276 1265 597 1338 scendum
643 1267 880 1345 suavia,
926 1265 998 1330 in
1042 1265 1250 1328 medio
1298 1266 1435 1349 ejus
1484 1267 1817 1350 tamquam
1862 1265 2115 1350 lignum
2159 1264 2291 1328 vite
2341 1263 2786 1328 Coloniensem

289 1355 621 1420 ecclesiam
668 1355 909 1421 salubri
953 1354 1369 1439 dispositione
1415 1354 1717 1439 produxit
1762 1358 1827 1419 et
1874 1377 2017 1419 eam
2061 1353 2497 1418 venerandam
2527 1353 2788 1418 univer-

290 1445 473 1511 sitati
514 1443 797 1510 fidelium
843 1443 1169 1522 stabilivit,
1214 1443 1424 1528 ipsam
1468 1444 1930 1529 metropolitice
1963 1442 2302 1529 dignitatis
2332 1442 2635 1529 insigniis
2665 1442 2785 1506 ho-

290 1534 598 1613 norand0,
642 1533 985 1600 radicando
1030 1534 1239 1619 ipsam
1276 1533 1347 1597 in
1378 1534 1617 1619 populo
1664 1534 2078 1598 honorificato
2126 1535 2191 1597 et
2237 1532 2318 1596 ad
2365 1533 2502 1617 ejus
2548 1533 2789 1597 cultum

291 1624 662 1710 deputando
707 1645 819 1688 vos
859 1623 977 1687 filii
1018 1623 1384 1707 capitulum,
1417 1623 1685 1688 diversis
1716 1623 1960 1689 meritis
1989 1621 2428 1707 precellentes,
2471 1622 2582 1706 qui
2613 1622 2788 1687 sanis

293 1713 700 1778 advertentes
758 1712 1051 1777 sensibus
1112 1714 1178 1776 et
1233 1712 1574 1798 prudentie
1636 1713 1916 1778 consiliis
1976 1712 2411 1798 providentes,
2460 1712 2629 1796 quod
2676 1732 2787 1781 ex:-

292 1802 597 1887 pediebat
640 1802 969 1868 ecclesiam
1013 1805 1149 1866 tam
1195 1802 1477 1867 nobilem
1523 1824 1831 1889 sponsum
1875 1803 2113 1867 habere
2159 1802 2495 1880 virtutum,
2542 1800 2788 1867 meritis

293 1893 363 1955 et
406 1893 636 1956 nature
682 1891 937 1957 dotibus
975 1892 1331 1976 speciosum
1364 1894 1431 1956 01
1458 1892 1948 1957 honorificatum
1992 1892 2302 1976 populum
2347 1892 2603 1975 presule
2646 1889 2790 1975 regi

293 1981 564 2046 scientia
622 1980 873 2083 predito
933 1983 1000 2045 et
1059 1982 1298 2066 stipato
1356 1981 1652 2066 potentia
1710 1981 2008 2061 seculari,
2075 2003 2147 2046 ac
2202 1981 2490 2045 membra
2549 1980 2791 2044 nobilia

293 2070 578 2135 decorari
635 2070 844 2154 capite
903 2092 1233 2157 generosO,
1295 2071 1375 2135 ad
1421 2070 1854 2155 venerabilem
1898 2072 2165 2135 fratrem
2213 2071 2502 2136 nostrum
2546 2069 2790 2155 Engel-
2811 2099 2814 2104 ·

292 2160 564 2240 bertum,
612 2157 1059 2225 Coloniensem
1090 2159 1650 2246 archiepiscopum,
1696 2163 1851 2225 111110
1895 2161 2294 2246 prepositum
2327 2159 2790 2237 Coloniensem,

291 2250 583 2315 consulte
631 2249 1109 2315 deliberationis
1146 2250 1359 2314 oculos
1392 2250 1788 2329 extendistiS,
1834 2252 2164 2334 tamquam
2197 2249 2278 2314 ad
2306 2248 2515 2314 virum
2545 2248 2791 2314 meritis

292 2339 438 2404 istis
486 2341 552 2403 et
596 2339 754 2418 aliis,
798 2340 1002 2405 tantis
1048 2339 1471 2404 sufficientem
1516 2340 1817 2405 oneribus
1864 2342 1930 2405 et
1972 2343 2108 2406 tam
2152 2341 2410 2426 magnis
2439 2339 2790 2404 honoribus

291 2389 776 2514 congruentem.
863 2431 1016 2515 Ipsa
1062 2429 1374 2514 siquidem
1421 2430 1684 2494 ecclesia
1728 2430 2004 2515 pastoris
2043 2430 2274 2494 solacio
2307 2429 2632 2508 destituta,
2676 2449 2790 2492 vos

294 2517 415 2584 filii
458 2519 826 2605 capitulum,
874 2518 975 2583 die
1024 2518 1104 2583 ad
1151 2517 1526 2585 electionem
1571 2519 1829 2605 prefixa,
1876 2520 2283 2607 presentibus
2321 2519 2634 2597 omnibus,
2681 2514 2793 2603 qui

295 2608 619 2687 volebant,
667 2608 990 2674 debebant
1035 2611 1102 2673 et
1145 2609 1402 2674 comode
1449 2611 1755 2711 poterant
1783 2610 2113 2689 interesse,
2161 2610 2373 2694 ipsum
2402 2611 2475 2674 in
2504 2611 2793 2673 vestrum

296 2699 625 2783 pastorem
670 2700 737 2762 et
780 2697 1355 2783 archiepiscopum,
1416 2699 1601 2784 quasi
1659 2720 1776 2783 per
1822 2699 2107 2764 divinam
2151 2699 2642 2783 inspirationem
2686 2718 2794 2761 ca-

296 2787 527 2852 nonice
588 2808 661 2852 ac
718 2788 1110 2853 concorditer
1170 2787 1457 2874 elegistis
1518 2790 1608 2867 et,
1655 2790 2029 2873 presentato
2076 2788 2260 2854 nobis
2308 2787 2635 2854 electionis
2681 2785 2794 2850 de-

296 2878 503 2956 cret0,
564 2877 971 2962 supplicastis
1031 2877 1388 2957 1111111111101,
1447 2879 1522 2941 111
1580 2876 1957 2942 electionem
2014 2878 2224 2964 ipsam
2281 2879 2657 2944 confirmare
2717 2874 2796 2939 de

298 2925 608 3031 0011311013
669 2966 1075 3053 benignitate
1153 2967 1321 3033 sedis
1398 2967 1744 3053 apostolice
1820 2967 2253 3054 dignaremur.
2371 2969 2522 3053 Ipso
2595 2967 2799 3053 igitur

301 3055 795 3142 archiepiscopo,
842 3059 1106 3158 propter
1134 3057 1301 3121 hoc
1283 3079 1354 3120 111
1385 3060 1607 3122 nostra
1635 3059 1965 3143 presentia
2009 3059 2374 3138 constitut0,
2422 3057 2799 3123 electionem
2922 3130 2928 3143 Ι

301 3145 576 3211 0311110111
623 3146 977 3211 examinari
1022 3146 1286 3211 fecimus
1332 3146 1680 3232 diligenter
1725 3149 1815 3226 et,
1862 3148 2013 3232 quia
2056 3147 2266 3233 ipsam
2310 3149 2675 3213 invenimus
2720 3146 2799 3211 de

299 3257 581 3323 persona
625 3257 759 3300 non
805 3236 1010 3301 solum
1055 3236 1389 3320 ydoneam,
1440 3235 1552 3300 sed
1611 3236 1807 3301 etiam
1866 3237 2193 3321 premissis
2254 3241 2319 3303 et
2367 3238 2508 3303 aliis
2554 3236 2800 3302 meritis

300 3325 759 3411 precellentem
803 3325 1106 3391 canonice
1150 3326 1561 3404 celebratam,
1610 3348 1753 3390 eam
1798 3325 1876 3390 de
1923 3326 2196 3392 fratrum
2241 3330 2604 3393 nostrorum
2648 3349 2801 3392 con-

302 3414 450 3480 silio
496 3414 791 3480 duximus
836 3414 1357 3493 confirmandam,
1403 3415 1897 3479 consecrationis
1952 3438 2187 3481 munus
2247 3417 2371 3484 sibi
2431 3418 2508 3482 de
2566 3415 2804 3484 nostris

303 3503 604 3570 manibus
648 3502 1100 3589 impendentes
1147 3503 1394 3589 sibique
1440 3504 1741 3589 palleum,
1789 3505 1866 3569 de
1912 3526 2173 3590 corpore
2217 3506 2394 3572 beati
2422 3506 2600 3572 Petri
2629 3529 2804 3571 sum-

302 3596 508 3681 ptum,
554 3593 625 3657 in
671 3594 932 3679 signum
978 3593 1235 3678 quidem
1280 3593 1706 3695 plenitudinis
1751 3593 2136 3679 pontificalis
2196 3596 2390 3661 officii
2447 3596 2805 3661 tribuentes

304 3685 494 3749 firma
540 3704 654 3768 spe
700 3683 1053 3779 fiduciaque
1099 3684 1422 3768 concepta,
1470 3684 1638 3784 quod
1683 3683 1839 3769 ipse,
1885 3685 2220 3769 tamquam
2257 3685 2356 3750 vir
2385 3685 2709 3750 litteratus
2742 3685 2809 3747 et

303 3771 609 3860 providus
656 3773 750 3850 et,
815 3766 1009 3857 prout
1053 3771 1414 3851 didicimus,
1478 3771 1549 3836 in
1586 3770 1845 3857 judiciis
1902 3775 2144 3855 rectus,
2206 3775 2277 3840 in
2324 3774 2805 3860 dispensatione

304 3861 680 3941 industrius,
725 3861 797 3926 in
844 3860 1115 3947 agendis
1161 3864 1479 3940 strenuus,
1526 3862 1914 3947 compositus
1961 3863 2043 3928 ad
2087 3886 2311 3943 mores,
2358 3864 2543 3928 fortis
2577 3864 2657 3929 ad
2686 3886 2806 3949 pa-

304 3951 623 4029 tientiam,
669 3972 913 4036 pronus
960 3950 1041 4014 ad
1085 3910 1485 4016 concordiani
1500 4000 1515 4030 ‚
1574 3951 1823 4037 rigidus
1870 3952 1951 4016 ad
1995 3975 2360 4033 censuram,
2421 3953 2659 4018 virtute
2705 3952 2808 4017 ni·-

307 4043 458 4106 tens
505 4042 571 4104 01
616 4040 907 4105 eminens
953 4040 1390 4126 generositate
1436 4061 1509 4104 ac
1552 4041 1805 4125 pollens
1849 4042 2222 4106 maturitate
2268 4042 2546 4120 consilii,
2595 4041 2810 4127 predi-

306 4131 481 4195 ctam
527 4129 854 4195 ecclesiam
902 4151 974 4193 ac
1019 4128 1344 4193 subditum
1390 4128 1513 4194 sibi
1557 4130 1797 4194 clerum
1843 4132 1910 4195 et
1953 4130 2263 4216 populum
2307 4131 2527 4196 taliter
2558 4132 2811 4195 auctore

309 4218 570 4284 domino
616 4217 1022 4306 gubernabit,
1071 4217 1239 4303 quod
1286 4217 1509 4283 eadem
1557 4218 1821 4284 ecclesia
1865 4241 1983 4304 per
2014 4219 2350 4306 diligentie
2383 4242 2495 4285 sue
2529 4219 2811 4283 studium

309 4307 385 4373 in
446 4307 906 4393 temporalibus
970 4309 1037 4371 et
1099 4306 1537 4392 spiritualibus
1599 4308 1888 4372 votivum
1953 4309 2258 4394 suscipiet
2328 4308 2815 4386 incrementum,

309 4395 636 4463 reddendo
694 4419 807 4463 vos
868 4395 1287 4482 acceptabiles
1347 4395 1606 4462 domino
1667 4399 1735 4461 et
1798 4398 2108 4483 populum
2170 4398 2484 4464 bonorum
2548 4419 2815 4484 operum

528 4509 688 4570 Posse,
724 4508 964 4557 Analecta.
2465 4510 2497 4559 ⁹
