3292 5100
487 454 569 515 80
1353 447 1741 503 1110011118
1776 452 1888 502 111.
1933 449 2084 530 1279.

489 614 676 675 1279.

483 723 760 784 Martll.
804 723 1021 782 Rome
1062 722 1260 798 apud
1303 740 1349 783 s,
1392 723 1718 783 Petrum.
1761 722 1823 781 L.
1863 722 2286 799 archiepiscopo
2318 722 2592 782 Cretensi.
2638 723 2992 799 Deputatm·

799 813 874 872 ad
916 811 1266 890 colligendas
1309 811 1556 872 decimas
1597 832 1705 889 pro
1748 814 1905 871 terra
1948 814 2144 872 sancta
2185 812 2251 871 in
2292 813 2526 872 civitate
2569 830 2635 871 ac
2675 812 2993 889 provincia

803 902 1060 961 Cretensi
1088 903 1244 961 certa
1284 901 1471 961 indita
1511 901 1712 964 forma.
1744 935 1832 945 -
1862 901 2125 974 „Quanto
2168 903 2555 963 estimamus“.
2600 903 2669 963 V.
2697 901 2774 984 id.
2799 902 2991 961 Mart.

804 991 887 1050 46
918 1010 975 1068 p.
1014 991 1136 1051 130
1167 991 1273 1075 A2.
2841 996 2991 1052 962

528 1141 561 1171 ,,
657 1099 759 1158 23.
938 1140 970 1169 ,,
1148 1098 1332 1157 Ρ11011
1366 1115 1410 1157 8.
1440 1098 1601 1157 Petri
1629 1099 2080 1158 Matisconensis.
2126 1098 2212 1155 De
2252 1097 2727 1158 determinatione
2757 1096 2912 1156 facta
2944 1118 2992 1156 a

803 1186 1080 1265 Gregorio
1123 1186 1192 1247 X.
1236 1205 1411 1264 super
1453 1188 1856 1248 controversiis
1869 1230 1884 1259 ,
1936 1205 2049 1262 que
2092 1187 2399 1247 vertebant
2439 1188 2595 1246 inter
2638 1187 2992 1263 episcopum

801 1275 1252 1354 Lugdunensem
1289 1279 1351 1336 et
1392 1277 1545 1337 cives
1572 1277 1995 1355 Lugdunenses
2008 1319 2023 1347 ,
2069 1278 2358 1351 quantum
2398 1276 2473 1335 ad
2506 1277 2991 1353 jurisdictionem

801 1383 977 1441 super
1016 1365 1142 1443 ipsa
1184 1366 1446 1437 civitate3
1491 1384 1606 1442 que
1648 1369 1847 1425 tamen
1886 1366 2293 1425 determinatio
2307 1407 2322 1435 ,
2368 1365 2507 1440 quia
2548 1368 2682 1441 post
2723 1368 2990 1425 mortem

803 1455 987 1530 ipsius
1020 1455 1299 1533 Gregorii,
1330 1473 1450 1514 non
1477 1458 1749 1531 pervenit
1776 1455 1850 1514 ad
1877 1456 2130 1526 bullam,
2180 1453 2418 1513 mandat
2446 1456 2663 1514 iterum
2689 1473 2840 1531 papa
2854 1498 2869 1526 ,
2901 1458 2989 1514 ut

800 1544 1128 1619 inquirant,
1172 1563 1320 1604 num
1364 1543 1551 1604 eidem
1599 1545 1870 1605 assentiri
1912 1544 2100 1604 velint
2142 1545 2204 1603 et
2244 1543 2499 1604 referant
2527 1544 2601 1603 ad
2627 1562 2852 1621 papam.
2885 1576 2988 1587 —-

799 1634 955 1709 „Sua
981 1634 1202 1694 nobis“.
1247 1634 1314 1692 X.
1344 1634 1460 1693 kal.
1489 1634 1632 1710 Apr.
1672 1634 1792 1694 120
1824 1652 1882 1710 p.
1921 1633 2042 1692 173
2075 1633 2183 1717 A2.
2840 1638 2984 1695 963

528 1783 562 1812 ,,
656 1742 756 1801 23.
934 1782 967 1812 ,,
1145 1740 1216 1800 A.
1244 1742 1381 1799 nato
1411 1741 1569 1817 regis
1599 1741 1859 1800 Castelle.
1906 1740 2119 1800 Scribit
2147 1740 2218 1798 de
2246 1739 2518 1816 pluribus
2546 1740 2612 1798 in
2639 1740 2986 1799 libertatem

800 1830 1239 1890 ecclesiasticam
1256 1850 1285 1888 a
1307 1848 1447 1908 rege
1467 1830 1710 1889 Castelle
1729 1830 2045 1889 commissis
2074 1831 2135 1887 et
2163 1828 2322 1904 quod
2350 1830 2532 1889 instet
2559 1828 2716 1904 apud
2743 1831 2984 1905 patrem

800 1938 975 1979 suum
994 1962 1009 1990 ,
1055 1921 1128 1978 ut
1172 1919 1430 1996 predicta
1477 1919 1748 1997 corrigat.
1795 1953 1884 1962 —
1932 1920 2133 1991 „Inter
2162 1921 2432 1978 ceteros“.
2495 1919 2627 1978 Dat.
2675 1921 2747 1978 ut
2794 1937 2983 1996 supra

807 2008 894 2084 (P.
930 2008 1209 2087 21,556).
1259 2009 1291 2067 7
1326 2028 1384 2085 p.
1422 2010 1500 2068 55
1533 2010 1636 2092 Β..
2841 2014 2985 2071 964

530 2157 564 2189 „
659 2116 760 2176 23.
938 2158 970 2187 „
999 2168 1003 2172 .
1147 2115 1591 2192 Archiepiscopo
1620 2116 1939 2191 Yspalensi.
1988 2116 2067 2174 Ut
2106 2115 2346 2174 inducat
2386 2134 2588 2193 regem
2618 2116 2860 2175 Castelle
2900 2115 2982 2174 ad

801 2204 1226 2265 correctionem.
1247 2239 1334 2248 —
1354 2204 1483 2277 „Ad
1498 2204 1972 2282 procurandam“.
2017 2205 2148 2265 Dat.
2166 2206 2239 2263 ut
2256 2223 2433 2281 supra
2456 2206 2488 2264 7
2511 2225 2569 2282 p.
2594 2207 2671 2264 55
2692 2206 2765 2290 Β1
2782 2250 2797 2265 .
2840 2209 2978 2265 865

513 2310 573 2386 (n
668 2312 795 2390 23.)
930 2311 1014 2388 („)
1146 2311 1479 2371 Memoriale
1523 2314 1812 2371 secretum
1855 2311 2145 2371 traditum
2186 2312 2360 2371 Petro
2407 2313 2672 2388 episcopo
2716 2312 2976 2382 Reatin0‚

802 2420 918 2477 quo
948 2402 1293 2471 instruitur,
1344 2419 1519 2477 super
1549 2393 1766 2477 quibus
1795 2401 2058 2461 articulis
2088 2400 2294 2459 debeat
2322 2403 2387 2459 in
2414 2402 2651 2479 negotio
2680 2402 2839 2478 regis
2870 2402 2976 2460 Ca-

801 2491 967 2550 stelle
1008 2490 1315 2566 procedere
1359 2492 1419 2550 et
1464 2509 1581 2567 quo
1625 2490 1844 2551 ordine.
1889 2523 1977 2534 —-
2020 2489 2238 2563 „Istud
2284 2492 2373 2550 est
2420 2491 2752 2551 memoriale
2769 2496 2819 2552 “.
2893 2490 2972 2550 10

800 2599 858 2657 p.
895 2581 974 2639 56
1006 2581 1077 2665 B1
1095 2626 1109 2641 .
2844 2585 2976 2642 966

524 2728 557 2759 ,,
652 2687 753 2747 25.
929 2730 965 2758 ,,
1143 2687 1184 2746 J
1184 2689 1397 2746 ohanni
1440 2687 1866 2764 archiepiscopo
1911 2688 2329 2748 Cantuariensi.
2393 2687 2557 2758 Quod
2602 2688 2787 2763 possit
2837 2705 2974 2746 con-

798 2775 997 2835 cedere
1027 2775 1282 2836 officium
1310 2777 1725 2836 tabellionatus
1753 2777 1947 2836 tribus
1975 2779 2252 2854 personiS‚
2293 2776 2509 2852 quibus
2539 2777 2784 2835 formam
2805 2776 2973 2852 jura-

797 2867 982 2925 menti
1012 2865 1083 2924 ab
1111 2866 1253 2941 ipsis
1282 2866 1529 2926 faciendi
1557 2867 1834 2944 assignat.
1867 2899 1955 2910 —-
1984 2867 2108 2938 „Ne
2153 2867 2612 2926 contractuum“.
2657 2867 2818 2926 VIII.
2858 2866 2973 2924 kal.

806 2954 947 3031 Apr.
982 2955 1062 3014 82
1095 2973 1153 3030 p.
1191 2955 1312 3014 143
1346 2955 1452 3040 A2.
2845 2960 2972 3016 967

525 3105 558 3136 ,,
655 3063 756 3123 28.
801 3062 852 3120 R
865 3080 899 3121 o
912 3082 974 3121 m
987 3080 1036 3121 e.
1083 3063 1280 3122 Carolo
1297 3064 1427 3140 regi
1447 3062 1655 3122 Sicilie.
1702 3064 1780 3121 Ut
1808 3062 2050 3122 nuntios
2067 3064 2267 3122 mittat
2284 3061 2358 3121 ad
2376 3081 2587 3139 papam
2603 3063 2974 3122 tractaturos

798 3151 870 3210 de
913 3151 1169 3210 ineunda
1210 3170 1349 3228 pace
1392 3152 1549 3210 inter
1589 3153 1786 3226 ipsum
1829 3155 1888 3210 et
1932 3170 2134 3229 regem
2164 3152 2339 3228 Cypri
2352 3195 2367 3224 ,
2407 3169 2514 3228 pro
2544 3170 2661 3228 qua
2689 3152 2833 3211 alias
2861 3151 2977 3210 fuit

797 3240 1141 3300 laboratum.
1172 3274 1261 3283 ——
1290 3241 1400 3312 „In
1430 3240 1782 3300 desideriis“.
1829 3241 1896 3301 V.
1927 3241 2044 3300 kal.
2074 3240 2216 3317 Apr.
2253 3242 2287 3299 5
2318 3259 2377 3317 p.
2414 3242 2493 3299 53
2525 3241 2597 3325 B1
2616 3287 2630 3301 .
2843 3245 2973 3301 968

480 3347 621 3423 ΑΡ1.
657 3348 757 3408 22.
938 3389 969 3419 ,,
1152 3347 1371 3407 Simoni
1416 3349 1511 3407 tit.
1558 3366 1602 3407 s.
1651 3348 1853 3405 Cecilie
1896 3347 2218 3423 presbitero
2270 3347 2547 3407 cardinali
2594 3350 2777 3423 apost.
2827 3346 2975 3405 sedis

801 3437 1011 3514 legato.
1061 3438 1138 3496 Ut
1180 3437 1440 3512 inquirat
1455 3480 1471 3510 ‚
1517 3455 1585 3495 ex
1634 3455 1751 3511 qua
1780 3455 1950 3495 causa
1980 3436 2372 3495 vicedominus
2403 3437 2712 3495 canonicus
2739 3435 2974 3495 Laudu-

803 3526 997 3585 nensis
1026 3525 1089 3584 in
1119 3544 1319 3604 regem
1334 3527 1570 3584 Francie
1602 3526 1911 3586 oblocutus
1936 3526 2012 3584 sit
2031 3527 2091 3584 et
2106 3544 2255 3602 pape
2274 3525 2510 3585 deferat.
2531 3560 2618 3569 —
2637 3525 2734 3598 „Si
2752 3525 2972 3584 litere“.

799 3614 867 3674 X.
897 3614 1012 3674 kal.
1041 3615 1200 3690 Maji.
1252 3615 1417 3692 I4p.
1453 3615 1532 3674 60
1565 3615 1669 3698 131.
1714 3615 1783 3675 cf.
1813 3616 1875 3673 P.
1912 3616 2012 3688 21,
2021 3615 2161 3673 567.
2845 3619 2976 3675 969

527 3764 560 3793 ,,
657 3721 757 3781 26.
937 3763 970 3793 ,,
1151 3720 1369 3780 Simoni
1410 3722 1504 3781 tit.
1554 3739 1596 3780 s.
1644 3721 1849 3780 Cecilie
1896 3722 2216 3796 presbitero
2265 3720 2543 3780 cardinali
2589 3723 2773 3797 apost.
2823 3719 2974 3780 sedis

800 3810 1013 3888 legato.
1057 3809 1473 3884 Reprehendit,
1508 3809 1665 3886 quod
1708 3813 1908 3870 contra
1952 3810 2180 3870 decreta
2224 3810 2452 3869 concilii
2481 3810 2928 3870 Lateranensis
2910 3829 2975 3869 111

799 3898 1001 3958 Galliis
1028 3901 1427 3959 torneamenta
1456 3901 1575 3959 sint
1603 3899 1771 3970 facta,
1804 3900 2019 3976 quibus
2050 3901 2100 3959 si
2129 3902 2251 3976 ipse
2281 3919 2381 3959 rex
2412 3899 2684 3959 interfuit
2714 3902 2774 3960 et
2804 3899 2878 3960 ob
2910 3899 2973 3957 id

798 3990 1444 4048 excommunicationem
1492 3989 1758 4060 incurrit,
1802 3988 2041 4048 inducat
2084 4008 2222 4048 eum
2266 3989 2339 4048 ad
2381 3989 2854 4066 recipiscendum.
2887 4020 2974 4033 -

796 4079 1030 4152 „Quam
1059 4079 1282 4137 attente
1298 4084 1347 4136 “.
1395 4079 1493 4139 VI.
1524 4079 1638 4138 kal.
1670 4079 1829 4156 Maji.
1867 4079 1943 4139 13
1976 4099 2033 4156 Ρ.
2071 4081 2148 4139 59
2181 4080 2282 4162 Βι.
2843 4084 2977 4139 970

481 4185 623 4263 Maji
702 4184 757 4271 7.
937 4228 969 4257 „
1149 4185 1463 4262 Margarite
1505 4186 1708 4262 regine
1737 4187 2102 4246 Francorum.
2150 4188 2228 4245 Ut
2257 4188 2496 4245 nuntios
2525 4185 2725 4246 mittat
2753 4188 2965 4246 tracta-

803 4277 969 4334 turos
998 4275 1069 4333 de
1098 4292 1236 4352 pace
1266 4275 1421 4334 inter
1450 4277 1636 4352 ipsam
1665 4278 1726 4335 et
1756 4275 2024 4335 Carolum
2067 4293 2267 4353 regem
2299 4277 2490 4336 Sicilie
2503 4319 2518 4348 ,
2565 4278 2854 4352 quantum
2899 4275 2973 4334 ad

789 4364 930 4440 jura
973 4381 1147 4439 super
1190 4365 1532 4424 comitatum
1579 4364 1898 4427 Provincie.
1944 4400 2033 4409 —
2080 4409 2112 4437 ‚,
2128 4366 2384 4425 Mentem
2434 4368 2694 4425 nostram
2712 4372 2763 4428 “.
2837 4384 2971 4425 non.

796 4454 954 4531 Maji.
1008 4454 1084 4513 15
1118 4472 1176 4531 p.
1214 4454 1292 4513 61
1327 4453 1427 4541 Β..
2844 4459 2969 4518 971
