3292 5100
1227 483 1678 531 GREGoRms
1717 483 1774 530 x.
1820 484 1968 532 1272.
2179 474 2186 485 “
2765 481 2843 540 59

792 803 875 814 -
998 770 1209 829 'Nobili
1238 769 1472 828 mulieri
1502 771 1671 828 uxori
1700 769 1914 828 nobilis
1952 770 2065 828 viri
2094 768 2416 844 Baldevyni
2445 768 2518 827 de
2545 768 2841 827 Avesines.

659 860 822 930 Quod
867 860 1173 936 scripserat
1217 858 1564 936 gratulando
1613 858 1684 917 de
1729 859 2089 934 promotione
2131 876 2298 933 pape.
2345 890 2434 900 —-
2464 900 2496 928 „
2509 857 2844 916 Devotionis

661 950 817 1007 tue“.
864 949 1172 1009 Ibidem.
2717 951 2843 1005 739

788 1107 872 1116 —
1006 1073 1290 1149 Episcopo
1336 1072 1695 1130 Cumanensi.
1763 1072 1975 1131 Scribit
1989 1115 2003 1143 ,
2055 1090 2116 1130 se
2164 1071 2477 1129 destinasse
2528 1071 2637 1130 sub
2685 1073 2842 1130 certa

657 1163 840 1221 forma
863 1163 1277 1221 exhortatorias
1308 1162 1533 1220 litteras
1552 1180 1658 1236 pro
1678 1162 1971 1219 communi
1988 1163 2171 1219 totius
2189 1161 2483 1235 provincie
2501 1160 2841 1219 Lombardie

656 1251 930 1323 utilitate,
961 1253 1273 1326 petentem,
1305 1254 1377 1310 ut
1394 1252 1717 1326 periculoso
1736 1251 1916 1309 statui
1935 1251 2185 1310 civitatis
2208 1247 2563 1321 Placentina,
2584 1249 2654 1307 de
2672 1249 2844 1325 cujus

656 1341 1049 1401 verisimiliter
1078 1339 1451 1400 subversione
1481 1340 1776 1411 timeatur,
1807 1339 2062 1398 remedio
2081 1340 2252 1398 celeri
2272 1340 2624 1397 occurratur.
2671 1339 2836 1397 Man-

658 1430 774 1502 dat,
804 1430 877 1487 ut
908 1430 1258 1505 interponat,
1289 1432 1376 1499 ut,
1411 1429 1568 1505 quod
1597 1447 1705 1503 pro
1736 1429 2030 1487 communi
2059 1429 2323 1486 omnium
2351 1429 2674 1486 incolarum
2704 1446 2840 1502 pro-

661 1519 847 1578 vincie
877 1519 1174 1578 commodo
1208 1520 1386 1594 petat,
1421 1518 1726 1577 efficaciter
1754 1518 2085 1593 impleatur.
2133 1517 2379 1593 Operam
2411 1517 2510 1575 det
2538 1517 2610 1574 ad
2641 1535 2842 1591 pacem

655 1608 848 1667 Brixie
876 1607 1316 1667 reformandam.
1348 1641 1436 1650 —
1471 1607 1933 1680 „Dilectisfiljjs‘fi
1982 1607 2038 1666 C.
2073 1607 2153 1665 49
2182 1606 2283 1682 1⁴01.
2320 1600 2451 1664 931³.
2702 1612 2834 1667 '740

787 1764 876 1774 -·
1008 1731 1288 1807 Episcopo
1321 1733 1590 1790 OumanO.
1637 1733 1752 1790 Per
1780 1732 2274 1808 archiepiscopum
2290 1731 2624 1806 Aquensem
2655 1731 2839 1805 apost.

655 1819 805 1880 sedis
848 1821 1113 1898 legatum
1156 1821 1398 1891 audivit,
1445 1821 1781 1897 episcopum
1813 1822 2162 1892 Cumanum,
2195 1821 2382 1879 eidem
2412 1819 2837 1895 archiepiscopo

656 1928 834 1986 super
873 1910 1024 1968 facto
1052 1911 1247 1969 Brixie
1299 1909 1542 1970 discrete
1584 1911 2048 1984 respondentem,
2081 1928 2385 1969 commune
2417 1908 2839 1967 Mediolanense

655 2017 721 2057 ac
749 1999 906 2058 viros
933 1998 1158 2058 nobiles
1187 1999 1395 2058 fratres
1425 2017 1561 2058 suos
1577 2043 1592 2072 ,
1641 2001 1715 2058 ut
1753 2000 1817 2057 in
1847 2000 1954 2058 hoc
1981 2000 2168 2074 ipsius
2197 1999 2381 2075 legati
2410 1998 2702 2058 voluntati
2731 2017 2837 2073 pa-

651 2090 865 2160 rerent,
896 2087 1202 2147 efficaciter
1218 2088 1526 2147 induxisse.
1560 2088 1815 2159 Mandat,
1848 2089 2126 2163 quatinus
2157 2106 2393 2164 operam
2411 2087 2526 2158 det,
2558 2090 2630 2146 ut
2647 2088 2838 2146 status

651 2178 945 2254 provincie
986 2177 1326 2237 Lombardie
1368 2177 1472 2236 fiat
1515 2176 1802 2253 pacificus.
1850 2211 1939 2219 —
1982 2177 2183 2250 „Sicut
2225 2178 2587 2235 intimante“.
2639 2177 2695 2235 C.
2752 2177 2832 2234 49

655 2266 754 2326 fol.
789 2260 919 2325 93b.
2706 2271 2833 2327 ¹741

781 2425 869 2435 —
1001 2391 1448 2468 Archiepiscopo
1495 2391 1758 2467 Aquensi
1801 2393 1981 2467 apost.
2028 2390 2178 2450 sedis
2219 2392 2431 2469 legato,
2491 2391 2576 2450 Ex
2620 2390 2837 2451 litteris

655 2481 969 2551 intellexit,
1016 2481 1350 2558 episcopum
1383 2482 1707 2539 Cumanum
1752 2499 1931 2558 super
1973 2480 2123 2539 facto
2153 2480 2345 2540 Brixie
2375 2498 2682 2540 commune
2710 2479 2834 2538 Me-

652 2571 982 2630 diolanense
999 2571 1309 2643 induxisse,
1340 2573 1412 2629 ut
1428 2590 1606 2647 super
1632 2570 1833 2630 eodem
1850 2572 2086 2649 negotio
2119 2571 2529 2647 archiepiscopi
2546 2570 2836 2646 Aquensis

652 2660 944 2719 voluntati
987 2661 1428 2735 acquiescerent.
1477 2661 1676 2719 Monet
1690 2704 1703 2731 ,
1752 2660 2033 2735 quatinus
2076 2660 2149 2717 ad
2193 2660 2626 2719 reformandum
2655 2659 2835 2718 solide

653 2751 873 2809 statum
916 2750 1167 2810 civitatis
1211 2768 1318 2826 per
1359 2749 1587 2809 firmam
1632 2749 1993 2808 concordiam
2033 2750 2189 2808 inter
2219 2767 2522 2808 commune
2552 2748 2833 2808 Mediola-

652 2857 829 2898 nense
859 2857 924 2898 ac
953 2839 1176 2898 nobiles
1206 2841 1268 2898 et
1296 2840 1448 2899 cives
1479 2839 1827 2897 extrinsecos
1858 2839 2109 2898 civitatis
2140 2839 2402 2914 ejusdem
2432 2858 2500 2897 ex
2532 2841 2697 2914 parte
2714 2857 2836 2897 una

651 2931 712 2987 et
754 2946 1059 2987 commune
1102 2929 1182 2988 cit
1190 2929 1352 2987 itatis
1395 2928 1580 3003 ipsius
1623 2947 1693 2986 ex
1722 2929 1905 2986 altera
1935 2927 2109 2999 omni,
2144 2947 2260 3003 qua
2288 2928 2496 3004 possit,
2530 2927 2835 3005 diligentia

651 3019 712 3076 et
753 3017 1074 3076 attentione
1121 3018 1362 3077 laboret.
1408 3050 1496 3061 —
1543 3061 1577 3090 ‚,
1593 3018 1899 3076 Intellecto
1946 3036 2053 3093 per
2099 3019 2232 3076 tuas
2279 3017 2505 3076 litteras
2524 3021 2575 3078 “.
2641 3018 2696 3076 C.
2748 3017 2829 3075 49

650 3106 748 3166 fol.
782 3108 882 3165 94.
1509 3138 1512 3141 ’
2226 3145 2237 3162 .
2578 3154 2584 3161 .
2707 3111 2835 3166 '742

776 3265 864 3274 —-
996 3230 1279 3307 Episcopo
1296 3231 1720 3291 Herefordensi.
1770 3233 1849 3290 Ut
1876 3232 2152 3291 restituat
2179 3231 2530 3309 magistrum
2547 3231 2588 3290 J
2588 3231 2831 3291 acobum

650 3321 1015 3396 capellanum
1043 3320 1509 3379 archidiaconum
1540 3322 1852 3396 Solphirie‚
1885 3322 1950 3380 in
1978 3322 2214 3380 ecclesia
2242 3320 2646 3380 Herefordensi
2665 3364 2680 3393 ,
2726 3340 2830 3380 ne-

651 3411 849 3486 potem
876 3410 1028 3468 bone
1045 3411 1321 3469 memorie
1338 3409 1775 3469 Herefordensis
1795 3411 2049 3487 episcopi
2067 3411 2497 3487 predecessoris,
2530 3428 2665 3469 cum
2694 3429 2832 3471 eum

652 3497 1118 3557 archidiaconatu
1148 3499 1435 3574 Solphirie
1479 3501 1540 3557 et
1568 3500 1863 3575 prebenda
1892 3500 1963 3558 de
1994 3545 2008 3557 .
2043 3546 2057 3559 .
2089 3518 2154 3558 ac
2182 3500 2496 3559 nonnullos
2526 3500 2598 3559 ab
2629 3500 2831 3560 eodem

648 3589 1044 3663 predecessore
1088 3588 1455 3647 beneficiatos
1497 3589 1562 3647 in
1590 3588 2001 3647 Herefordensi
2045 3589 2255 3648 diocesi
2287 3589 2505 3664 absque
2534 3607 2707 3648 causa
2733 3608 2828 3648 ra-

652 3677 919 3737 tionabili
950 3679 1150 3736 contra
1177 3677 1263 3735 fas
1292 3696 1399 3753 pro
1429 3678 1750 3737 voluntatis
1793 3678 1963 3737 libito
2003 3680 2125 3737 suis
2153 3678 2447 3738 beneficiis
2477 3679 2826 3754 spoliaverit.

649 3800 737 3809 —
768 3768 975 3839 „Illam
1002 3767 1170 3825 nobis
1201 3767 1271 3826 de
1300 3770 1461 3826 tua“.
1509 3768 1566 3827 C.
1601 3769 1683 3826 49
1717 3767 1815 3826 fol.
1851 3768 1953 3827 94.
2274 3773 2277 3775 ’
2697 3772 2828 3830 743

773 3924 861 3936 —
994 3890 1289 3969 Magistris
1305 3891 1648 3968 Reymundo
1669 3892 1740 3950 de
1759 3893 1816 3949 N
1817 3892 2029 3971 ogeriis
2048 3893 2341 3969 capellano
2362 3895 2560 3952 nostro
2578 3895 2639 3951 et
2655 3893 2828 3953 Petro

649 3981 719 4039 de
749 3980 1000 4052 Ausona,
1034 3982 1266 4040 ecclesie
1294 3982 1349 4040 b.
1371 3981 1608 4040 Martini
1637 3982 1985 4041 Turonensis
2015 3984 2301 4042 canonico,
2349 3981 2514 4052 Quod
2542 3984 2737 4060 legata
2766 3985 2827 4042 et

648 4068 761 4128 alia
803 4070 1083 4148 deputata
1126 4073 1282 4129 terre
1327 4072 1522 4129 sancte
1570 4070 1827 4129 subsidio
1873 4071 2160 4130 destinata
2202 4072 2266 4129 in
2293 4072 2492 4147 regnis
2522 4071 2737 4149 Anglie
2767 4075 2828 4131 et

649 4158 835 4218 Scotie
864 4177 930 4217 ac
956 4159 1022 4217 in
1052 4160 1304 4218 sternia
1334 4160 1649 4237 exigantur
1678 4178 1784 4235 per
1811 4160 1969 4219 istos,
1990 4193 2079 4202 —-
2096 4162 2204 4234 „In
2234 4160 2531 4220 desideriis
2558 4162 2824 4221 nostris“.

650 4249 706 4307 Ο.
739 4249 821 4306 49
857 4247 954 4307 fol.
989 4248 1092 4306 94.
2695 4256 2827 4314 744

772 4421 863 4432 —
995 4390 1276 4467 Magistro
1323 4390 1672 4467 Raymundo
1722 4392 1793 4449 de
1842 4391 1899 4449 N
1900 4391 2114 4469 ogeriis
2164 4392 2458 4467 capellano
2505 4394 2566 4450 et
2611 4394 2825 4452 nuncio

645 4482 845 4538 nostro
875 4480 938 4538 in
967 4479 1200 4557 Anglie.
1248 4481 1327 4539 Ut
1356 4481 1482 4538 octo
1514 4480 1676 4538 milia
1706 4498 2031 4539 marcarum
2061 4481 2497 4558 sterlingorum,
2529 4501 2643 4561 que
2674 4484 2824 4545 clare
