3292 5100
2706 417 2829 480 187

315 568 584 634 ecclesia
630 591 750 654 per
793 569 1040 635 obitum
1087 569 1371 654 ejusdem
1414 570 1826 656 WytegoniS,
1875 570 1986 654 qui
2029 571 2100 635 in
2144 569 2434 656 partibus
2477 569 2603 635 illis
2649 570 2829 635 debi-

310 659 460 722 tum
504 659 734 723 nature
756 659 1102 743 persolvit,
1148 660 1421 744 pastoris
1467 660 1694 725 solatio
1740 658 2075 738 destituta,
2122 660 2336 723 dilecti
2380 658 2496 722 filii
2541 658 2820 725 decanus

314 749 384 811 et
430 748 784 831 capitulum
849 748 1131 831 ejusdem
1197 749 1452 813 ecclesie
1472 798 1487 827 ,
1549 749 2049 813 reservationem
2114 750 2178 811 et
2235 748 2561 812 decretum
2623 747 2820 833 igno-

308 837 535 901 rantes
579 836 882 921 predicta,
929 840 1012 915 te,
1057 840 1213 902 tunc
1259 838 1314 921 ej
1323 836 1850 910 usdemaeecclesie
1897 837 2303 919 canonicum,
2350 837 2422 900 in
2467 836 2820 901 sacerdotio

308 925 750 1004 constitutum,
797 948 916 1010 per
959 926 1130 991 viam
1176 927 1609 1011 compromissi
1654 927 1726 990 in
1769 926 2375 1011 Nuemburgensem
2437 926 2823 1010 episcopum,

308 1013 468 1078 licet
513 1013 591 1077 de
636 1015 825 1092 fact0,
871 1015 1264 1080 concorditer
1310 1017 1678 1101 elegerunt,
1724 1018 1923 1099 tuque
1969 1015 2420 1080 reservationis
2469 1017 2535 1079 et
2580 1014 2822 1078 decreti

306 1102 740 1186 predictorum
784 1103 1077 1169 similiter
1118 1104 1372 1183 inscius,
1415 1103 1780 1188 hujusmodi
1812 1103 2109 1169 electioni
2152 1105 2230 1169 de
2275 1107 2341 1168 te
2386 1103 2554 1167 facte
2602 1103 2683 1167 ad
2714 1102 2820 1167 in-

309 1192 622 1255 stantiam
681 1193 905 1256 decani
965 1195 1031 1257 et
1088 1193 1351 1278 capituli
1412 1194 1843 1277 predictorum
1897 1194 2335 1270 consentiens,
2400 1191 2737 1256 obtinuisti
2784 1214 2823 1257 a

308 1280 667 1345 venerabili
723 1281 924 1346 fratre
988 1284 1206 1346 nostro
1255 1281 1517 1361 Ottone,
1565 1282 2036 1367 archiepiscopo
2083 1280 2641 1374 Magdeburgensi,
2699 1280 2825 1345 loci

311 1369 828 1453 metropolitano,
871 1371 1371 1447 reservationem
1417 1374 1484 1436 et
1528 1372 1855 1436 decretum
1884 1370 2169 1455 predicta
2216 1371 2411 1434 etiam
2457 1371 2825 1454 ignorante,

313 1458 694 1523 electionem
738 1459 951 1542 ipsam
999 1460 1377 1525 auctoritate
1437 1461 1906 1545 metropolitica
1962 1459 2323 1524 confirmari
2369 1459 2466 1523 113
2496 1459 2683 1537 fact0,
2730 1458 2819 1523 ti-
2873 1497 2878 1501 -

307 1547 506 1631 bique
553 1569 786 1611 munus
831 1549 1321 1613 consecrationis
1366 1548 1662 1633 impendi
1707 1552 1773 1613 et
1817 1551 2053 1614 extunc
2084 1548 2431 1625 electionis,
2477 1547 2819 1612 confirma-

309 1635 509 1701 tionis
584 1638 651 1700 et
723 1637 1214 1702 consecrationis
1277 1639 1710 1722 predictarum
1772 1639 2073 1723 pretextu
2134 1639 2201 1701 te
2278 1634 2831 1702 administrationi
2907 1665 2908 1668 ¹

311 1724 599 1809 ejusdem
645 1725 901 1791 ecclesie
947 1726 1018 1789 in
1064 1727 1502 1811 spiritualibus
1548 1730 1612 1792 et
1657 1726 2118 1811 temporalibus
2161 1726 2513 1811 ingessisti.
2589 1722 2823 1789 Subse-

310 1815 589 1898 quenter
631 1835 782 1878 vero
828 1815 1160 1880 vacatione
1206 1816 1493 1899 predicta
1540 1816 1620 1881 ad
1666 1820 1955 1881 nostram
2021 1815 2289 1880 deducta
2336 1815 2653 1890 notitiam,
2699 1833 2817 1877 nos

310 1901 396 1968 ad
441 1901 872 1986 provisionem
915 1904 1114 1989 ipsius
1161 1905 1433 1984 ecclesie,
1480 1904 1558 1970 de
1606 1927 1734 1989 qua
1778 1905 1993 1969 nullus
2038 1906 2257 1988 preter
2302 1925 2419 1968 nos
2466 1925 2542 1967 ea
2586 1902 2722 1966 1103
2753 1923 2821 1965 33

307 1992 747 2058 intromittere
805 1994 1091 2076 poterat,
1149 1994 1581 2059 reservatione
1642 1996 1710 2059 et
1760 1994 2016 2058 decreto
2073 1992 2531 2080 obsistentibus
2590 2012 2820 2073 supra-

310 2080 515 2159 dictis,
561 2081 852 2164 paternis
899 2085 965 2146 et
1007 2082 1297 2147 sollicitis
1341 2083 1567 2147 studiis
1610 2082 2057 2160 intendenteS,
2106 2081 2183 2146 de
2229 2102 2505 2166 persona
2550 2099 2822 2145 venera-

288 2168 458 2234 'bilis
500 2130 720 2234 'fratris
766 2171 974 2235 nostri
1017 2171 1284 2250 Nicolai,
1313 2172 1675 2256 patriarche
1710 2171 2180 2257 Aquilegensis,
2226 2174 2383 2236 tunc
2428 2167 2821 2234 archidiaco-

306 2259 390 2323 111
415 2257 862 2324 Horsoniensis
909 2260 981 2325 in
1025 2261 1286 2325 ecclesia
1329 2262 1671 2347 Pragensi,
1734 2261 1942 2326 eidem
1988 2259 2511 2344 Nuemburgensi
2559 2256 2816 2322 ecclesie

310 2347 692 2413 auctoritate
739 2348 1086 2432 apostolica
1132 2348 1426 2415 duximus
1455 2350 1939 2436 providendum,
1986 2348 2373 2434 preficiendo
2421 2369 2568 2411 eum
2614 2344 2820 2410 eidem

305 2436 833 2521 Nuemburgensi
877 2438 1150 2517 ecclesie,
1181 2438 1253 2503 in
1299 2439 1668 2542 episcopum
1713 2442 1779 2504 et
1824 2442 2163 2523 pastorem
2252 2438 2337 2502 Et
2382 2436 2640 2500 demum
2684 2434 2818 2519 pri-

308 2548 584 2610 usquam
627 2525 843 2592 littere
903 2528 1117 2591 nostre
1176 2550 1370 2612 super
1428 2528 1629 2612 ipsius
1693 2528 1755 2593 N
1755 2528 1942 2593 130131
1998 2527 2360 2613 provisione
2418 2525 2704 2591 confecte
2748 2522 2821 2588 in

307 2615 536 2680 eadem
580 2616 856 2694 33313313,
905 2617 1017 2681 aut
1074 2616 1332 2681 civitate
1377 2617 1483 2682 vel
1541 2616 1774 2683 diocesi
1833 2616 2355 2703 Nuemburgensi
2415 2615 2821 2699 aliquatenus

304 2706 697 2790 presentate,
730 2707 844 2768 aut
886 2704 1249 2789 hujusmodi
1293 2707 1513 2771 nostra
1558 2706 1840 2791 provisio
1870 2706 2109 2771 ibidem
2154 2705 2476 2790 publicate
2522 2704 2814 2781 fuissent,

305 2794 525 2878 ipsum
580 2792 914 2858 Nicolaum
976 2794 1149 2877 apud
1211 2794 1428 2860 sedem
1486 2794 1901 2879 apostolicam
1964 2795 2399 2873 constitutum,
2464 2816 2502 2857 a
2547 2791 2819 2869 vincu10,

307 2903 437 2966 quo
485 2881 692 2946 eidem
735 2882 1260 2967 Nuemburgensi
1319 2884 1605 2962 ecclesie,
1651 2884 1753 2949 cui
1795 2887 1953 2948 tunc
1998 2886 2284 2969 preerat,
2332 2883 2690 2959 tenebatur,
2739 2901 2818 2944 ex

305 2971 496 3035 certis
530 2970 743 3034 causis
804 2970 1294 3037 rationabilibus
1340 2974 1431 3036 *de
1491 2973 1768 3036 fratrum
1827 2975 2191 3038 nostrorum
2236 2972 2499 3036 consilio
2547 2972 2612 3034 et
2658 2990 2814 3052 apo-

307 3060 530 3125 stolice
576 3059 915 3143 potestatis
975 3060 1379 3143 plenitudine
1440 3061 1870 3140 absolventes,
1930 3062 2143 3146 ipsum
2190 3061 2271 3125 ad
2318 3060 2819 3144 Aquilegensem

307 3147 634 3213 ecclesiam
678 3150 834 3212 tunc
877 3152 1215 3213 vacantem
1261 3147 1613 3234 apostolica
1654 3150 2033 3215 auctoritate
2063 3150 2522 3227 transtulimus,
2568 3148 2815 3231 ipsum-

308 3258 434 3321 que
482 3236 689 3302 eidem
739 3235 1162 3322 Aquilegensi
1221 3239 1476 3303 ecclesie
1535 3239 1606 3302 in
1663 3239 2095 3323 patriarcham
2155 3239 2538 3323 prefecimus
2585 3238 2651 3300 et
2695 3258 2815 3319 pa-

306 3327 580 3405 storem,
644 3346 860 3390 curam
927 3324 1049 3413 (et)
1100 3327 1720 3392 administrationem
1777 3327 1980 3412 ipsius
2045 3327 2497 3413 Aquile‘gensis
2562 3324 2817 3389 ecclesie

305 3414 430 3479 sibi
473 3415 545 3479 in
590 3413 1026 3498 spiritualibus
1074 3418 1140 3480 et
1183 3416 1642 3500 temporalibus
1675 3417 1961 3518 plenarie
2008 3416 2481 3481 committendo.
2528 3412 2814 3478 Tandem

306 3524 460 3570 vero
505 3503 936 3568 reservatione
985 3504 1051 3567 et
1096 3504 1347 3569 decreto
1394 3527 1465 3569 ac
1509 3506 1873 3590 provisione
1923 3508 1985 3570 et
2016 3505 2441 3570 translatione
2489 3502 2812 3588 premissis

307 3593 390 3658 ad
436 3596 615 3656 tuam
662 3591 945 3657 deductis
991 3593 1320 3672 notitiam,
1367 3596 1438 3657 tu
1486 3594 1893 3672 electionem,
1958 3594 2512 3659 confirmationem
2560 3593 2625 3656 et
2670 3613 2813 3655 mu-

305 3682 481 3747 neris
524 3681 996 3765 impensionem
1055 3683 1374 3766 predictas
1431 3683 1710 3769 proponi
1772 3683 1979 3748 fecisti
2036 3685 2108 3748 in
2168 3682 2538 3749 consistorio
2603 3701 2817 3745 coram

305 3770 507 3836 nobis
597 3770 730 3836 Nos
775 3770 981 3856 igitur
1026 3772 1402 3837 electionem
1449 3775 1514 3837 et
1558 3773 2109 3836 confirmationem
2173 3773 2521 3857 predictaS,
2582 3771 2812 3852 utpote

307 3862 455 3946 post
500 3861 567 3923 et
611 3861 831 3924 contra
874 3861 1378 3926 reservationem
1426 3864 1491 3925 et
1536 3861 1862 3925 decretum
1910 3864 2329 3962 attemptatas
2374 3820 2663 3946 predicta
2706 3879 2810 3922 re-

307 3950 643 4035 putantes,
690 3950 886 4033 prout
933 3952 1144 4028 erant,
1207 3950 1421 4015 irritas
1468 3952 1532 4014 et
1576 3951 1834 4030 inanes,
1884 3953 1949 4015 et
1995 3950 2075 4014 ad
2120 3950 2574 4033 provisionem
2610 3946 2815 4031 ipsius

306 4037 859 4122 Nuemburgensis
919 4038 1174 4102 ecclesie
1235 4060 1352 4122 per
1409 4038 1775 4122 hujusnodi
1835 4039 2325 4104 translationem
2384 4036 2686 4114 vacantiS,
2733 4037 2812 4102 de

307 4150 438 4211 qua
481 4126 694 4192 nullus
738 4129 955 4211 preter
998 4149 1115 4192 nos
1160 4127 1281 4191 hac
1323 4127 1459 4192 vice
1490 4149 1557 4191 se
1600 4127 2034 4193 intromittere
2080 4129 2310 4213 potest,
2354 4149 2472 4213 pro
2519 4149 2610 4207 eo,
2644 4128 2813 4208 quod

305 4238 426 4282 nos
472 4217 711 4282 dudum
771 4219 922 4280 ante
981 4217 1276 4281 ultimam
1337 4217 1738 4297 vacationem
1796 4216 2162 4302 hujusmodi
2221 4216 2506 4302 ejusdem
2564 4216 2810 4283 Nuem-

306 4305 644 4392 burgensis
691 4305 948 4370 ecclesie
985 4305 1381 4392 provisiones
1410 4306 1699 4371 omnium
1729 4305 2191 4371 cathedralium
2224 4305 2629 4373 ecclesiarum
2658 4308 2815 4373 tune

309 4395 483 4480 apud
527 4394 764 4462 dictam
808 4394 1025 4462 sedem
1072 4395 1449 4469 vacantium
1486 4398 1554 4469 et
1595 4395 1870 4471 inantea
1924 4398 2371 4471 vacaturarum
2415 4394 2817 4483 dispositioni
