3292 5100
1200 440 1570 490 UBBANUS
1607 442 1690 488 IV.
1734 441 1882 489 1263.
2707 441 2789 499 23

301 602 755 663 1262—1263.

294 728 453 804 Sept.
487 729 791 804 4.—-Sept.
826 729 882 788 3.
914 727 1130 803 Apud
1160 727 1428 786 Urbem
1458 727 1812 788 veterem.
1843 726 2325 802 Jerosolymitane
2356 727 2416 783 et
2444 726 2792 787 Acconensis

613 819 984 877 ecclesiarum
1014 817 1301 893 capitulis.
1321 816 1485 886 Quod
1513 816 1770 875 residens
1803 818 1926 892 ipse
1945 816 2121 874 Rome
2139 833 2246 890 pro
2275 815 2527 892 negotiis
2558 816 2792 875 ecclesie

613 907 653 966 J
653 907 1097 984 erosolymitane
1125 907 1191 966 in
1220 924 1516 965 summum
1545 905 1879 981 pontificem
1908 906 2152 975 electuri,
2202 904 2372 964 modo
2414 906 2528 980 ipsi
2556 905 2792 964 ecclesie

611 996 922 1073 providens
950 997 1285 1072 episcopum
1330 994 1738 1071 Agennensem
1787 995 1860 1052 ad
1899 994 2196 1053 ecclesiam
2246 994 2793 1071 Jerosolymitanam

614 1086 906 1146 transfert.
968 1087 1143 1144 Sine
1171 1085 1346 1143 nota
1375 1083 1710 1144 chronol.
1748 1085 1826 1143 52
1858 1103 1915 1159 p.
1953 1084 2030 1142 18
2062 1084 2130 1142 B.
2658 1089 2791 1143 2¹74

511 1192 659 1252 4.-
745 1235 778 1264 ,,
873 1193 931 1251 3.
994 1186 1088 1276 (,,)
1149 1189 1460 1249 Nobilibus
1488 1191 1631 1249 viris
1662 1190 1911 1249 dominis
1940 1189 2012 1247 de
2029 1189 2270 1249 Arrone.
2287 1188 2586 1255 ‚Homines
2615 1190 2792 1249 casia-i

612 1281 880 1340 Perocuii
911 1282 1278 1356 recipiuntur
1308 1281 1373 1338 in
1403 1281 1837 1355 protectionem,
1869 1280 2008 1354 quia
2037 1297 2097 1337 se
2127 1281 2192 1336 in
2219 1280 2489 1338 manibus
2517 1298 2665 1355 pape
2693 1297 2787 1337 re—

609 1371 998 1449 signaverant.
1065 1371 1239 1429 Sine
1268 1371 1449 1428 nota
1478 1369 1815 1428 chronol.
1853 1369 1975 1426 178
2006 1388 2065 1443 p.
2102 1368 2179 1426 58
2213 1369 2280 1428 Β.
2657 1371 2789 1428 275

512 1477 659 1536 4.-
746 1521 781 1551 ,,
864 1480 934 1539 ,3.
995 1472 1086 1561 (,,)
1148 1478 1341 1536 Sorori
1377 1477 1738 1552 proconsulis
1768 1475 2159 1534 Romanorum
2192 1474 2270 1532 87
2305 1493 2362 1550 p.
2398 1475 2475 1533 31
2510 1475 2577 1534 Β.
2656 1480 2788 1535 278

510 1584 658 1644 4.-
745 1628 780 1657 ,,
873 1585 931 1643 3.
995 1580 1084 1665 (,,)
1146 1586 1441 1643 Universis
1481 1583 1693 1640 Christi
1730 1581 2017 1642 fidelibus.
2061 1581 2332 1640 Concedit
2358 1581 2789 1657 indulgentiam

606 1675 681 1733 iis
711 1717 726 1745 ‚
802 1674 909 1750 qui
981 1675 1047 1732 in
1118 1674 1355 1732 ecclesia
1411 1673 1452 1729 J
1452 1672 1881 1730 erosolimitana
1956 1671 2243 1748 elegerint
2316 1671 2563 1746 sepeliri.
2660 1670 2784 1729 130

606 1782 663 1838 p.
696 1764 778 1822 42
811 1764 878 1822 B.
2655 1765 2785 1820 277

505 1869 651 1928 4.-
739 1912 774 1940 ,,
868 1870 925 1929 3.
988 1865 1078 1951 (,,)
1142 1870 1440 1929 Universis
1468 1868 1803 1927 hominibus
1833 1870 1986 1926 terre
2015 1866 2351 1925 monasterii
2367 1866 2439 1925 de
2455 1866 2787 1927 Ferentino,

604 1959 867 2018 Mittitur
902 1959 1091 2017 rector
1127 1959 1301 2018 castri
1328 1958 1610 2028 Perocuii,
1660 1958 1963 2032 Spoletane
1993 1956 2154 2027 dioc,
2200 1955 2381 2014 frater
2407 1955 2784 2026 Raimundus,

606 2048 827 2107 ordinis
884 2048 1096 2106 militie
1137 2048 1378 2122 Templi.
1426 2079 1505 2091 -
1553 2047 1736 2118 „Cum
1778 2052 1937 2106 nos“.
1999 2046 2174 2104 Sine
2220 2047 2403 2104 nota
2449 2045 2786 2104 chronol.

617 2136 759 2197 192.
788 2157 846 2212 Ρ.
883 2137 961 2195 61
996 2138 1062 2197 Β.
2655 2139 2786 2194 278
2836 2193 2844 2202 ,

501 2245 650 2305 4.-
738 2287 774 2317 ,,
868 2244 925 2303 3.
986 2242 1072 2320 (,,)
1142 2243 1424 2320 Episcopo
1467 2243 1777 2302 Parisiensi
1822 2243 2021 2301 contra
2057 2241 2297 2299 fratrem
2327 2240 2685 2316 Stephanum
2714 2239 2787 2298 de

609 2333 883 2411 Syssiaco,
915 2332 1135 2392 ordinis
1164 2333 1375 2391 militie
1408 2332 1631 2408 Templi
1662 2334 1727 2390 in
1753 2332 2008 2391 Francia.
2047 2330 2168 2388 198
2201 2349 2258 2405 Ρ.
2293 2329 2374 2388 63
2407 2330 2474 2389 Β.
2655 2334 2785 2389 279

297 2475 488 2536 1263.

286 2618 560 2693 Sept.13.
606 2617 824 2693 Apud
854 2618 1122 2678 Urbem
1151 2619 1505 2677 veterem.
1535 2616 1884 2690 P.18‚649:
1916 2618 1989 2675 In
2018 2634 2065 2675 e.
2098 2635 2175 2675 m.
2194 2616 2345 2675 clero
2364 2616 2616 2675 civitatis
2645 2613 2782 2689 (Re-
2883 2661 2886 2664 ι

602 2708 916 2786 valiensis).
951 2709 987 2767 3
1019 2727 1077 2784 Ρ.
1117 2707 1148 2765 1
1178 2708 1254 2767 D.
2652 2709 2784 2764 280

326 2857 362 2886 ,,
460 2814 558 2874 16.
737 2857 771 2886 ,,
952 2813 1265 2873 Guillelmo
1309 2812 1705 2872 archidiacono
1736 2813 2046 2872 Parisiensi
2088 2812 2349 2871 mittitur
2377 2810 2450 2870 ad
2479 2811 2553 2871 H.
2583 2830 2783 2888 regem

602 2903 817 2980 Anglie
845 2922 952 2979 pro
982 2904 1235 2980 negotiis
1276 2905 1399 2961 tam
1446 2904 1630 2979 ipsius
1673 2906 1831 2979 regis
1875 2922 2051 2977 quam
2098 2902 2333 2960 ecclesie
2379 2901 2649 2961 Romane.
2696 2933 2778 2943 -

601 2993 784 3065 „Cum
812 2995 927 3052 te“.
957 2993 1105 3053 XVI.
1137 2993 1252 3052 kal.
1283 2992 1405 3051 Oct.
1438 2993 1478 3050 4
1507 3011 1566 3066 p.
1601 2992 1683 3051 80
1715 2992 1822 3077 Di·
2650 2995 2779 3051 281

326 3141 362 3172 ,,
458 3099 557 3160 16.
735 3142 768 3170 ,,
947 3099 1218 3158 Riccardo
1249 3101 1314 3158 in
1355 3098 1748 3157 Romanorum
1777 3118 1978 3176 regem
2021 3099 2221 3157 elect0.
2283 3096 2448 3167 Quod
2476 3097 2629 3155 fama
2671 3098 2777 3167 est,

601 3188 945 3248 seditionem
986 3191 1176 3247 ortam
1204 3191 1268 3247 in
1297 3188 1515 3265 Anglia
1544 3190 1745 3247 contra
1785 3190 1983 3263 ipsum
2026 3206 2228 3264 regem
2275 3187 2405 3263 ejus
2444 3204 2615 3244 causa
2642 3205 2779 3261 pro-

601 3280 861 3349 venisse3
901 3277 1186 3349 hortatur,
1216 3281 1288 3337 ut
1315 3278 1429 3353 ipsi
1445 3280 1574 3354 regi
1589 3279 1786 3353 presto
1816 3279 1909 3336 sit.
1933 3310 2012 3322 —
2035 3276 2262 3349 „Habet
2291 3275 2452 3336 hoc“.
2480 3274 2632 3337 XVI.
2664 3276 2781 3335 kal.

602 3367 722 3429 Oct.
762 3368 839 3426 10
872 3387 930 3443 Ρ.
964 3368 1044 3426 82
1077 3369 1183 3451 D1·
2651 3369 2782 3425 282

324 3517 360 3547 ,,
457 3473 556 3533 27.
735 3517 769 3545 ,,
948 3464 1165 3532 Abbati
1192 3492 1234 3532 s.
1257 3473 1543 3534 Genovefe
1572 3474 1927 3532 Parisiensis.
1961 3472 2126 3543 Quod
2156 3475 2308 3532 cives
2338 3472 2618 3547 quosdam
2645 3471 2781 3531 Flo-

601 3565 864 3623 rentinos
892 3563 965 3621 ad
982 3564 1291 3622 ‘ecelesiam
1332 3563 1642 3622 redeuntes
1690 3562 1953 3623 absolvit.
1988 3595 2071 3607 -
2105 3561 2293 3633 „Olim
2335 3562 2400 3619 in
2448 3560 2541 3619 die
2589 3564 2782 3620 cene“.

601 3654 670 3714 V.
699 3653 814 3713 kal.
845 3653 967 3713 Oct.
1005 3653 1083 3712 13
1115 3673 1172 3728 Ρ.
1206 3654 1246 3711 4
1276 3653 1346 3711 D.
2313 3675 2316 3682 ’
2650 3656 2780 3710 288

310 3759 374 3834 (,,
468 3758 595 3838 27.)
716 3758 801 3837 („)
949 3759 1169 3818 Eidem.
1212 3759 1299 3817 De
1344 3760 1473 3817 aliis
1516 3759 1870 3817 Florentinis
1913 3757 1986 3815 ad
2029 3758 2325 3817 ecclesiam
2368 3759 2630 3817 reversis.
2698 3757 2779 3815 14

599 3868 657 3925 Ρ.
694 3850 728 3906 5
761 3849 832 3907 D.
2648 3851 2782 3905 284

311 3954 371 4029 („
468 3955 595 4033 27.)
715 3954 801 4032 („)
949 3955 1166 4013 Abbati
1197 3974 1239 4014 s.
1261 3954 1563 4015 Genovefe.
1594 3955 1681 4012 De
1711 3955 1841 4013 aliis
1868 3954 2221 4012 Florentinis
2251 3953 2324 4011 ad
2353 3954 2651 4013 ecclesiam
2681 3971 2778 4010 re-

599 4046 799 4105 versis
831 4076 918 4088 -
948 4043 1191 4116 „Olim“.
1229 4045 1328 4115 31,
1365 4046 1465 4116 32,
1500 4046 1580 4103 33
1612 4063 1671 4120 Ρ.
1705 4044 1742 4102 9
1775 4044 1844 4103 D.
2152 4090 2156 4095 .
2647 4046 2779 4103 285

282 4169 406 4228 Oct.
503 4168 557 4228 1.
735 4211 769 4240 „
949 4169 1245 4229 Universis
1272 4168 1630 4245 patriarchis,
1682 4168 1761 4226 Ut
1788 4166 2045 4227 Waltero
2074 4166 2470 4244 wigorniensi
2512 4168 2779 4244 episcopo

440 4249 446 4256 ’
602 4276 708 4335 pro
738 4259 978 4335 negotio
1007 4260 1162 4318 terre
1192 4259 1385 4317 sancte
1414 4257 1801 4333 proficiscenti
1841 4275 2113 4317 securum
2143 4256 2495 4315 conductum
2523 4258 2585 4316 et
2612 4260 2778 4316 auxi-

603 4348 754 4406 lium
796 4346 1149 4424 quibusdam
1190 4348 1542 4423 equitaturis
1582 4347 1882 4422 prebeant.
1911 4381 2001 4390 —
2030 4347 2212 4419 „Cum
2257 4347 2620 4423 negotium“.
2663 4345 2779 4406 kal.

602 4436 723 4496 Oct.
759 4435 839 4494 ‘75
869 4454 928 4512 Ρ.
963 4437 1045 4495 24
1075 4438 1145 4496 Ι).
1279 4438 1352 4495 In
1381 4455 1430 4496 e.
1460 4456 1537 4495 m.
1567 4436 1841 4512 pluribus
1870 4436 2001 4494 aliis
2029 4453 2134 4515 pro
2165 4435 2311 4498 aliis,
2647 4439 2779 4497 286
