3292 5100
1203 461 1653 510 GREGORIUS
1693 462 1750 508 X.
1796 462 1944 510 1272.
2155 454 2162 464 ¹
2740 460 2818 518 59

767 781 850 792 --
972 748 1184 808 ‘Nobili
1213 748 1449 807 mulieri
1477 749 1646 806 uxori
1675 748 1889 807 nobilis
1927 749 2040 807 viri
2068 747 2391 823 Baldevyni
2420 747 2493 805 de
2521 746 2816 805 Avesines.

633 837 797 907 Quod
842 838 1148 914 scripserat
1192 838 1539 914 gratulando
1588 838 1659 895 de
1705 837 2065 913 promotione
2107 855 2273 913 pape.
2320 868 2409 879 —
2439 878 2471 906 ,‚
2484 836 2820 895 Devotionis

636 928 791 985 tue“.
839 927 1147 986 Ibidem.
2692 929 2818 985 739

763 1085 847 1094 —
982 1052 1264 1126 Episcopo
1311 1050 1671 1109 Cumanensi.
1738 1050 1950 1109 Scribit
1964 1094 1978 1122 ,
2031 1069 2091 1109 se
2139 1050 2452 1108 destinasse
2503 1050 2612 1109 sub
2661 1052 2817 1109 certa

631 1141 815 1199 forma
838 1141 1251 1199 exhortatorias
1283 1141 1509 1199 litteras
1526 1159 1632 1215 pro
1653 1141 1946 1198 communi
1963 1141 2146 1198 totius
2164 1139 2459 1215 provincie
2476 1139 2817 1198 Lombardie

630 1230 904 1302 utilitate,
936 1232 1248 1306 petentem,
1280 1233 1351 1288 ut
1368 1230 1691 1305 periculoso
1711 1230 1891 1287 statui
1910 1229 2160 1289 civitatis
2183 1226 2538 1300 Placentina
2559 1228 2629 1287 de
2648 1229 2820 1304 cujus

630 1319 1024 1379 verisimiliter
1053 1319 1426 1378 subversione
1456 1319 1751 1390 timeatur,
1782 1318 2036 1377 remedio
2056 1318 2228 1377 celeri
2246 1319 2600 1376 occurratur.
2647 1318 2821 1395 Man-4

632 1408 748 1480 dat,
779 1410 851 1467 ut
881 1409 1232 1484 interponat,
1264 1410 1350 1478 ut,
1386 1408 1543 1483 quod
1573 1426 1680 1482 pro
1712 1408 2005 1466 communi
2034 1407 2298 1465 omnium
2326 1408 2650 1465 incolarum
2680 1425 2815 1482 pro-

635 1497 822 1556 vincie
851 1497 1148 1557 commodo
1183 1499 1361 1574 petat,
1396 1497 1701 1556 efficaciter
1729 1498 2059 1572 impleatur.
2108 1496 2354 1572 Operam
2386 1496 2485 1554 det
2513 1495 2586 1553 ad
2616 1514 2815 1571 pacem

629 1586 823 1645 Brixie
851 1586 1291 1646 reformandam.
1323 1620 1412 1628 —
1445 1586 1907 1658 „Dilectisfiliis“.
1957 1586 2013 1644 C.
2047 1586 2128 1644 49
2157 1585 2258 1661 1'0L
2295 1579 2426 1643 931³.
2676 1591 2809 1646 740

761 1742 850 1753 —
982 1710 1263 1786 Episcopo
1295 1712 1564 1769 CumanO.
1612 1712 1726 1769 Per
1755 1711 2250 1786 archiepiscopum
2265 1709 2599 1785 Aquensem
2630 1711 2814 1785 apost.

629 1798 779 1858 sedis
822 1800 1086 1876 legatum
1131 1800 1373 1870 audivit,
1420 1800 1755 1876 episcopum
1788 1801 2137 1871 Cumanum,
2170 1799 2355 1858 eidem
2387 1798 2811 1875 archiepiscopo

629 1906 808 1964 super
848 1889 998 1947 facto
1027 1889 1222 1948 Brixie
1274 1889 1517 1948 discrete
1559 1889 2023 1964 respondentem,
2055 1907 2360 1948 commune
2392 1888 2814 1946 Mediolanense

629 1995 695 2036 ac
723 1978 879 2037 viros
908 1977 1132 2037 nobiles
1161 1978 1370 2036 fratres
1400 1995 1536 2037 suos
1552 2022 1567 2052 ,
1616 1980 1689 2037 ut
1728 1978 1792 2037 in
1821 1979 1928 2037 hoc
1956 1979 2142 2054 ipsius
2172 1979 2355 2054 legati
2385 1977 2677 2037 voluntati
2706 1995 2812 2052 pa-

625 2068 839 2140 rerent,
871 2066 1175 2126 efficaciter
1193 2067 1501 2126 induxisse.
1534 2066 1789 2138 Mandat,
1821 2068 2101 2144 quatinus
2131 2085 2367 2143 operam
2386 2067 2501 2136 det,
2533 2068 2604 2125 ut
2622 2068 2813 2126 status

625 2156 919 2303 prpvgrgffe
960 2156 1300 2215 Lombardie
1342 2155 1446 2214 fiat
1490 2155 1776 2232 pacificus.
1825 2190 1914 2198 -
1957 2157 2157 2228 „Sicut
2198 2157 2563 2215 intimante“.
2614 2156 2670 2214 C.
2727 2156 2808 2213 49

654 2263 687 2304 o
715 2291 727 2305 .
881 2290 894 2303 .
2680 2251 2809 2306 '741

755 2403 844 2412 ——
975 2370 1422 2447 Archiepiscopo
1468 2370 1732 2447 Aquensi
1775 2372 1956 2446 apost.
2002 2370 2151 2429 sedis
2193 2371 2406 2448 legato,
2465 2370 2550 2429 Ex
2596 2369 2812 2430 litteris

629 2459 943 2529 intellexit,
989 2460 1325 2536 episcopum
1357 2461 1682 2518 Cumanum
1727 2478 1905 2536 super
1947 2459 2096 2518 facto
2127 2459 2319 2519 Brixie
2349 2477 2656 2519 commune
2685 2459 2809 2518 Me-

626 2549 955 2609 diolanense
973 2550 1283 2622 induxisse,
1314 2552 1386 2609 ut
1402 2568 1579 2625 super
1605 2550 1808 2608 eodem
1824 2550 2060 2628 negotio
2093 2550 2503 2626 archiepiscopi
2520 2550 2811 2625 Aquensis

626 2638 917 2698 voluntati
961 2640 1402 2714 acquiescerent.
1451 2640 1650 2698 Monet
1664 2683 1677 2709 ,
1726 2640 2006 2714 quatinus
2050 2639 2123 2696 ad
2165 2639 2601 2698 reformandum
2629 2638 2810 2697 solide

628 2730 847 2786 statum
890 2728 1141 2788 civitatis
1185 2747 1292 2804 per
1333 2727 1562 2787 firmam
1606 2728 1967 2787 concordiam
2008 2729 2164 2787 inter
2192 2746 2497 2788 commune
2527 2728 2808 2787 Mediola-

626 2836 803 2877 nense
833 2835 898 2876 ac
927 2817 1150 2877 nobiles
1180 2818 1242 2876 et
1270 2819 1423 2877 cives
1453 2818 1801 2876 extrinsecos
1832 2817 2083 2877 civitatis
2113 2818 2376 2893 ejusdem
2406 2837 2474 2877 ex
2506 2820 2671 2894 parte
2689 2836 2810 2876 una

625 2907 686 2965 et
728 2925 1032 2966 commune
1076 2907 1326 2966 civitatis
1368 2907 1554 2982 ipsius
1597 2926 1667 2965 ex
1697 2908 1879 2965 altera
1909 2907 2083 2977 omni,
2116 2926 2233 2982 qua
2261 2907 2470 2983 possit,
2504 2906 2810 2985 diligentia

625 2998 686 3054 et
727 2996 1048 3055 attentione
1095 2996 1336 3056 laboret.
1382 3029 1470 3039 -—
1518 3040 1551 3068 „
1567 2997 1873 3055 Intellecto
1920 3015 2026 3072 per
2072 2998 2205 3055 tuas
2253 2996 2478 3056 litteras
2498 3001 2549 3057 “.
2615 2998 2670 3056 C.
2722 2997 2803 3054 49

623 3085 722 3145 fol.
756 3086 858 3144 94.
1451 3120 1455 3123 >
2200 3124 2211 3141 .
2552 3134 2558 3141 .
2679 3090 2809 3145 742

750 3244 838 3252 —
970 3209 1253 3286 Episcopo
1270 3209 1694 3269 Herefordensi.
1743 3212 1823 3269 Ut
1849 3212 2125 3270 restituat
2153 3210 2504 3288 magistrum
2522 3211 2562 3270 J
2562 3210 2806 3270 acobum

624 3299 988 3375 capellanum
1017 3299 1484 3358 archidiaconum
1513 3300 1826 3375 Solphirie,
1859 3301 1924 3359 in
1952 3301 2187 3359 ecclesia
2216 3300 2620 3359 Herefordensi
2639 3343 2654 3372 ,
2700 3319 2804 3360 ne-

625 3390 822 3464 potem
851 3388 1001 3447 bone
1019 3390 1295 3447 memorie
1311 3388 1750 3448 Herefordensis
1768 3390 2022 3466 episcopi
2040 3390 2471 3465 predecessoriS,
2503 3408 2639 3449 cum
2667 3409 2805 3450 eum

626 3476 1092 3536 archidiaconatu
1122 3477 1408 3553 Solphirie
1452 3481 1513 3537 et
1542 3478 1836 3553 prebenda
1866 3479 1937 3537 de
1968 3524 1981 3537 .
2017 3525 2031 3538 .
2062 3497 2128 3537 00
2156 3479 2469 3538 nonnullos
2500 3479 2572 3538 ab
2603 3480 2805 3539 eodem

622 3566 1017 3642 predecessore
1062 3567 1429 3626 beneficiatos
1471 3567 1535 3625 in
1563 3567 1975 3627 Herefordensi
2019 3567 2229 3628 diocesi
2261 3569 2478 3643 absque
2508 3586 2680 3628 causa
2707 3588 2803 3628 ra·

625 3656 893 3715 tionabili
923 3658 1123 3715 contra
1152 3655 1236 3714 fas
1266 3675 1372 3731 pro
1403 3657 1724 3716 voluntatis
1767 3657 1936 3716 libito
1976 3658 2098 3716 suis
2128 3657 2420 3717 beneficiis
2451 3658 2801 3734 spoliaverit.

623 3779 710 3787 ——
741 3746 949 3818 „Illam
976 3745 1144 3804 nobis
1175 3745 1245 3804 de
1274 3748 1435 3805 tua“.
1482 3747 1539 3806 C.
1574 3747 1657 3804 49
1691 3746 1790 3805 fol.
1824 3748 1926 3806 94.
2249 3751 2252 3754 ’
2672 3753 2802 3809 743

747 3903 834 3913 —
967 3870 1262 3946 Magisffis
1279 3870 1621 3947 Reymundo
1642 3871 1714 3928 de
1733 3872 1789 3929 N
1790 3871 2003 3949 ogeriis
2021 3872 2315 3947 capellano
2335 3874 2533 3932 nostro
2552 3875 2612 3931 et
2628 3874 2801 3932 Petro

623 3959 693 4017 de
722 3959 974 4030 Ausona,
1006 3960 1239 4018 ecclesie
1267 3960 1323 4019 b.
1346 3960 1582 4018 Martini
1610 3960 1959 4020 Turonensis
1988 3963 2274 4021 canonicO.
2323 3960 2487 4030 Quod
2516 3963 2711 4039 legata
2739 3965 2801 4021 et

622 4046 734 4106 alia
777 4048 1057 4124 deputata
1100 4051 1256 4107 terre
1301 4051 1495 4107 sancte
1544 4049 1801 4109 subsidio
1847 4050 2133 4109 destinata
2175 4051 2240 4109 in
2267 4050 2466 4127 regnis
2494 4051 2711 4128 Anglie
2741 4055 2801 4111 et

622 4137 807 4197 Scotie
837 4155 902 4196 00
930 4138 996 4196 in
1025 4138 1278 4196 Ybernia
1308 4139 1622 4216 exigantur
1651 4158 1756 4214 per
1785 4139 1942 4198 istos.
1962 4172 2051 4181 —
2069 4141 2177 4212 „In
2206 4139 2504 4199 desideriis
2532 4141 2798 4201 nostris“.

623 4228 680 4286 Ο.
713 4227 794 4285 49
830 4226 928 4285 fol.
963 4227 1065 4285 94.
2669 4235 2801 4293 744

745 4399 836 4410 —
968 4369 1250 4446 Magistro
1296 4369 1645 4446 Raymundo
1695 4371 1766 4428 de
1815 4370 1871 4427 N
1873 4370 2086 4446 ogeriis
2136 4370 2431 4445 capellano
2478 4373 2539 4429 et
2585 4373 2799 4431 nuncio

618 4460 818 4517 nostro
848 4458 913 4517 in
941 4458 1175 4535 Anglie.
1221 4460 1312 4538 Ut,
1329 4459 1456 4517 octo
1488 4459 1649 4517 milia
1678 4477 2004 4518 marcarum
2034 4460 2470 4536 sterlingorum,
2502 4480 2616 4540 que
2647 4461 2797 4524 clare
