3292 5100
1197 436 1645 486 anscomus
1685 438 1746 486 x.
1791 438 1939 486 1272.
2735 435 2812 495 57

765 758 854 768 --
986 725 1206 784 Eidem.
1253 725 1331 783 Ut
1373 724 1651 784 victualia
1693 741 1799 800 pro
1844 723 2110 802 passagio
2155 725 2402 800 prestari
2431 725 2604 785 faciat
2632 728 2818 802 patri-

637 814 806 963 {agfihg
816 814 1373 962 51{lerosolymitand
1437 845 1517 856 —
1583 857 1615 887 ,‚
1629 814 1791 873 Sicut
1854 814 1964 872 alie
2023 816 2218 873 nosue
2280 814 2477 874 littere
2488 821 2534 873 “.
2614 816 2671 876 C.
2689 818 2818 967 ,ἐξ

763 1045 852 1053 -
983 1011 1130 1088 Regi
1175 1011 1529 1069 Francorum
1572 1010 1808 1069 illustri.
1857 1009 2155 1070 confortat
2198 1029 2335 1070 eum
2352 1053 2366 1082 ,
2418 1013 2489 1070 ut
2530 1012 2714 1087 patris
2757 1013 2822 1071 in

636 1100 957 1160 virtutibus
987 1101 1254 1159 imitetur
1283 1100 1516 1159 semitas
1548 1101 1609 1158 et
1639 1099 1813 1159 deum
1844 1100 2063 1159 timeat.
2096 1132 2184 1142 —-
2215 1100 2311 1171 „si
2341 1101 2587 1160 eximii“.
2642 1101 2699 1161 C.
2734 1102 2814 1161 49

635 1189 734 1250 fol.
770 1183 902 1250 251².
2688 1195 2818 1252 718

760 1330 848 1375 Γ-
986 1296 1237 1356 Oliverio
1268 1297 1339 1355 de
1368 1296 1656 1355 Termulis
1686 1297 1877 1355 militi.
1926 1297 1996 1356 Se
2040 1299 2206 1372 paret
2249 1297 2333 1356 ire
2377 1297 2450 1355 ad
2489 1296 2817 1356 subsidium

642 1387 796 1445 terre
828 1388 1040 1446 sancte.
1076 1421 1157 1431 -
1191 1387 1327 1457 „Pie
1359 1385 1735 1445 devocionis“.
1786 1387 1842 1445 C.
1877 1388 1958 1445 49
1991 1385 2090 1444 fol.
2127 1379 2257 1444 871³.
2686 1392 2816 1447 '719

761 1526 851 1536 —
982 1493 1313 1552 Patriarche
1332 1494 1372 1553 J
1371 1493 1834 1551 erusalemitano.
1869 1493 2098 1551 Dicitur
2125 1493 2454 1568 patriarcha
2470 1493 2534 1551 in
2552 1493 2816 1569 expensis

631 1583 908 1642 faciendis
950 1601 1057 1658 pro
1086 1583 1322 1660 negotio
1351 1584 1506 1641 terre
1538 1583 1733 1641 sancte
1764 1583 1826 1641 et
1854 1582 2179 1657 specialiter
2206 1583 2270 1640 in
2302 1582 2692 1657 stipendiariis
2722 1600 2814 1641 as-

633 1671 928 1731 sumendis
975 1673 1040 1731 in
1102 1671 1430 1731 subsidium
1477 1673 1631 1730 terre
1685 1674 1880 1730 sancte
1928 1671 2151 1747 aliquid
2212 1672 2540 1733 detraxisse.
2600 1672 2816 1744 Monet,

633 1763 929 1837 quatinuS,
962 1762 1012 1821 si
1042 1761 1146 1820 hec
1175 1780 1312 1821 vera
1341 1761 1476 1831 sint,
1507 1761 1613 1819 hec
1642 1760 1896 1819 remedio
1926 1761 2215 1838 corrigere
2245 1760 2494 1822 studeat.
2517 1795 2597 1803 —
2620 1760 2816 1833 „Circa

632 1851 1056 1910 commissum“.
1091 1852 1146 1909 C.
1173 1850 1250 1909 79
1286 1850 1384 1910 fol.
1419 1843 1550 1909 87¹³.
2681 1856 2813 1911 ’120

754 1988 843 2000 -——
974 1958 1127 2017 Duci
1153 1958 1213 2016 et
1242 1957 1536 2015 communi
1565 1957 1936 2016 Venetorum.
1984 1956 2309 2035 Significat,
2340 1975 2542 2035 regem
2570 1958 2808 2018 Francis

632 2045 716 2104 ad·
734 2047 1222 2106 manutenendam
1250 2048 1466 2106 terram
1498 2048 1756 2104 sanctam
1796 2064 2030 2123 rogasse
2044 2089 2060 2117 ,
2106 2048 2179 2105 ut
2205 2046 2458 2106 militare
2486 2047 2581 2105 vel
2608 2047 2814 2107 navale

629 2136 954 2195 subsidium
997 2137 1102 2195 aut
1147 2136 1352 2194 saltem
1401 2135 1792 2211 quantitatem
1835 2136 2092 2211 aliquam
2138 2135 2208 2194 de
2248 2137 2496 2211 pecunia
2524 2136 2812 2212 preberet.

628 2225 786 2284 Petit
833 2245 867 2283 a
913 2224 1057 2284 duce
1072 2269 1086 2296 ,
1133 2227 1205 2284 ut
1246 2226 1365 2283 tres
1406 2224 1587 2283 bonas
1635 2225 1846 2301 galeas,
1892 2242 2037 2300 quas
2078 2226 2450 2300 promiserat,
2501 2224 2575 2283 ad
2617 2228 2814 2302 partes

627 2314 933 2374 orientales
1006 2315 1261 2373 instante
1318 2313 1590 2391 Augusto
1666 2313 1897 2391 dirigat.
1973 2345 2062 2356 —
2137 2355 2170 2385 „
2192 2313 2285 2372 Ad
2359 2315 2812 2390 compassionem

628 2405 867 2462 status“.
915 2404 970 2462 C.
1006 2405 1086 2462 49
1120 2403 1220 2463 fol.
1256 2403 1358 2463 88.
1492 2404 1565 2461 In
1594 2421 1642 2462 e.
1676 2423 1751 2460 m.
1785 2402 2129 2479 capitaneiS,
2161 2403 2398 2462 consilio
2428 2405 2489 2461 et
2517 2404 2812 2463 communi

626 2494 666 2552 J
667 2493 1031 2565 anuensium,
1063 2494 1299 2569 excepta
1328 2492 1590 2553 clausula
1635 2492 1852 2569 quibus
1883 2493 2059 2553 etiam
2089 2510 2276 2568 usque
2306 2492 2603 2571 assignari.
2738 2494 2811 2553 In

628 2601 677 2643 e.
711 2604 787 2642 m.
820 2584 1035 2642 vicario
1066 2584 1127 2642 et
1155 2582 1452 2641 communi
1481 2582 1946 2642 Massiliensium.
2683 2589 2808 2646 721

759 2722 849 2732 -
981 2689 1278 2749 Universis
1306 2688 1744 2765 archiepiscopis
1761 2732 1775 2760 ,
1821 2689 2103 2766 episcopis
2132 2690 2237 2748 etc.
2270 2706 2377 2765 per
2404 2707 2658 2767 regnum
2685 2692 2810 2750 An-

628 2779 746 2858 glie
776 2779 1123 2838 constitutis.
1170 2778 1376 2856 Rogat,
1407 2780 1479 2837 ut
1507 2778 1636 2855 regi
1666 2778 1896 2856 Anglie,
1941 2782 2066 2838 tam
2096 2778 2415 2856 grandibus
2455 2780 2718 2856 expensis
2747 2783 2812 2840 in

627 2868 952 2928 subsidium
995 2870 1150 2928 terre
1194 2870 1387 2927 sancte
1436 2870 1693 2945 gravato,
1725 2869 1796 2927 de
1838 2868 2164 2928 redditibus
2194 2867 2638 2929 subventionem
2668 2888 2805 2929 con-

626 2959 856 3018 cedant.
888 2992 974 3001 -
1005 2957 1343 3031 „Attendite
1373 2956 1634 3017 fratres“.
1682 2958 1736 3015 C.
1773 2958 1853 3016 49
1887 2957 1986 3018 fol.
2022 2951 2152 3017 88¹³.
2681 2964 2808 3022 722

753 3099 841 3109 -
973 3064 1418 3141 Archiepiscopo
1436 3063 1699 3140 Aquensi
1718 3066 1897 3141 apost.
1919 3064 2070 3123 sedis
2086 3065 2298 3141 legato·
2332 3064 2654 3124 Committit
2672 3084 2810 3126 eum

622 3154 1004 3303 ξςῖζηῖὶαςέ
1012 3153 1408 3302 9pacificandas
1450 3154 1649 3230 partes
1691 3153 2050 3214 Lombardic.
2082 3187 2165 3198 --
2199 3152 2421 3228 „Quam
2466 3156 2543 3212 sit
2584 3155 2809 3305 nObin‘g

749 3383 832 3395 —
966 3350 1186 3410 Eidem.
1233 3351 1312 3408 Ut
1341 3367 1717 3425 quoscunque
1748 3350 2007 3426 Yspanos
2022 3393 2036 3421 ,
2082 3349 2456 3409 Theotonicos
2501 3351 2596 3409 vel
2640 3351 2800 3426 alios,

623 3439 1025 3499 Lombardiam
1055 3439 1128 3497 ad
1156 3438 1507 3499 turbandam
1536 3456 1738 3514 pacem
1767 3438 1953 3514 ipsius
1996 3438 2227 3515 ingredi
2256 3441 2674 3515 presumentes,
2705 3459 2805 3500 cx-

624 3529 1026 3588 communicet.
1063 3563 1131 3575 -—
1178 3528 1374 3602 „Licet
1402 3546 1507 3604 per
1538 3528 1788 3586 datam“.
1838 3529 1893 3587 C.
1929 3528 2010 3586 49
2045 3528 2141 3587 fol.
2179 3528 2281 3588 90.
2678 3535 2810 3593 724

762 3688 850 3697 —-
983 3654 1204 3714 Eidem.
1250 3655 1328 3713 Ut
1357 3655 1675 3713 tractatum
1704 3652 1860 3728 pacis
1889 3653 2046 3711 inter
2061 3653 2453 3712 Bononienses
2483 3655 2545 3713 et
2560 3655 2812 3715 Venetos

624 3745 923 3820 inceptum
953 3743 1230 3819 perficiat.
1253 3776 1335 3786 —
1367 3743 1809 3814 „Desiderantes
1837 3743 1994 3817 pacis
2023 3741 2270 3801 federa“.
2318 3743 2349 3801 I
2365 3743 2406 3803 b
2419 3743 2441 3801 i
2455 3743 2494 3801 d
2510 3762 2542 3803 c
2557 3764 2634 3804 m.
2683 3749 2808 3805 725

746 3900 830 3912 --
966 3868 1247 3946 Magistro
1290 3867 1508 3927 ordinis
1551 3867 1804 3926 fratrum
1850 3866 2300 3927 Pmdioatorum.
2348 3868 2428 3926 Ut
2441 3911 2456 3940 ,
2502 3869 2552 3928 si
2595 3869 2806 3943 credat,

624 3976 684 4017 sc
716 3976 882 4034 posse
912 3958 1069 4016 inter
1097 3958 1137 4015 J
1138 3975 1420 4016 anuenses
1452 3960 1512 4016 et
1541 3957 1808 4027 Venetos
1840 3974 2068 4015 necnon
2098 3959 2158 4016 et
2187 3957 2343 4016 inter
2370 3957 2527 4032 ipsos
2557 3958 2808 4020 Venetos

621 4049 682 4107 et
711 4048 1101 4106 Bononienses
1131 4047 1287 4123 pacis
1317 4046 1511 4105 federa
1549 4046 1863 4105 reformare
1880 4089 1894 4117 ,
1942 4045 2194 4105 destinet
2238 4047 2463 4121 aliquos
2505 4048 2808 4125 religiosos

623 4137 779 4197 viros
809 4136 1252 4211 circumspectos
1282 4136 1356 4194 ad
1386 4136 1681 4196 civitatem
1700 4136 1740 4195 J
1740 4152 2072 4195 anuensem.
2100 4169 2180 4182 -
2199 4136 2320 4207 „De
2350 4138 2454 4194 tue
2485 4136 2807 4198 devotionis

622 4226 1006 4286 sinceritate“.
1053 4226 1109 4284 C.
1144 4226 1225 4284 49
1260 4224 1356 4283 fol.
1393 4224 1524 4284 90¹³.
2676 4233 2806 4289 726

746 4381 837 4392 -
969 4349 1414 4426 Archiepiscopo
1432 4348 1696 4424 Aquensi
1714 4351 1895 4425 apost.
1918 4349 2068 4409 sedis
2088 4350 2300 4426 legato.
2332 4350 2466 4408 Non
2482 4353 2803 4425 permittat,

621 4441 693 4499 ut
721 4438 1043 4499 Placentini
1086 4439 1505 4499 monasterium
1549 4439 1620 4497 de
1653 4438 1930 4498 Columba
1961 4438 2350 4502 Cisterciensis
2389 4439 2607 4499 ordinis
2622 4484 2637 4515 ,
2669 4442 2803 4501 Pla-
