3292 5100
1349 403 1801 451 GREGORIUS
1839 403 1898 451 X.
1944 404 2094 452 1278.

918 722 1005 734 —
1138 689 1233 750 Ad
1261 708 1489 767 papam.
1535 689 1698 748 Idem
1743 709 1931 752 comes
1962 693 2154 757 Guido
2194 697 2266 760 de
2295 700 2602 766 Montforti
2629 705 2695 765 in
2724 706 2981 767 eundam

794 798 944 857 pene
973 781 1238 840 tenorem
1265 779 1442 839 tertio
1472 779 1690 838 scribit.
1740 781 1821 840 63
1853 801 1912 858 p.
1950 783 2029 844 70
2062 786 2137 873 A1
2153 831 2167 848 .
2842 803 2883 859 7
2890 802 2979 857 69

919 918 1008 930 —-
1140 883 1288 963 Regi
1333 884 1523 945 Sicilie
1565 886 1803 950 illustri.
1851 890 2093 967 Gaudet,
2142 896 2300 971 quod
2344 899 2774 980 primogenitus
2816 904 2978 982 regis

793 976 970 1035 maris
1001 975 1247 1035 evaserit
1275 975 1532 1051 pericula
1562 978 1623 1035 et
1652 979 2003 1053 periculosas
2030 983 2267 1046 insidias
2298 994 2674 1067 superaverit.
2714 1028 2784 1039 -
2825 994 2974 1065 „Re-

794 1066 890 1143 gie
921 1064 1300 1125 serenitatis“.
1347 1066 1403 1124 C.
1437 1065 1519 1124 49
1552 1065 1652 1126 fol.
1687 1068 1788 1129 31.
2843 1088 2979 1145 770

918 1203 1009 1216 --
1140 1171 1287 1249 Regi
1315 1172 1553 1232 Francie
1595 1173 1833 1237 illustri.
1893 1179 2163 1241 Destinat
2208 1185 2704 1264 archiepiscopum
2747 1190 2974 1250 Narbo-

793 1280 1033 1322 nensem
1076 1279 1255 1337 super
1296 1262 1507 1321 mutuo
1542 1264 1622 1321 25
1655 1265 1889 1326 milium
1930 1271 2296 1333 marcharum
2340 1276 2405 1334 in
2452 1277 2782 1338 subsidium
2818 1282 2975 1339 terre

794 1353 987 1411 sancte
1018 1370 1052 1409 a
1080 1369 1220 1428 rege
1261 1351 1583 1411 liberaliter
1625 1371 1906 1418 concesse.
1947 1393 2009 1402 --
2055 1403 2088 1433 „
2102 1361 2244 1423 Ven.
2288 1363 2326 1423 f.
2374 1383 2430 1423 11.
2479 1367 2976 1445 archiepiscopum

792 1441 1279 1501 Narbonensem“.
1328 1441 1383 1500 C.
1418 1442 1500 1500 49
1535 1441 1632 1502 fol.
1669 1444 1770 1505 31.
2204 1496 2211 1504 .
2843 1464 2972 1521 771

916 1582 1005 1592 —
1136 1547 1284 1626 Regi
1313 1546 1504 1607 Sicilie
1547 1549 1783 1610 illustri.
1830 1553 2033 1615 Frater
2071 1558 2357 1620 Martinus
2402 1561 2473 1622 de
2518 1563 2721 1625 ordine
2763 1567 2972 1626 militie

792 1638 1017 1714 Templi
1059 1638 1122 1696 et
1162 1638 1264 1696 alii
1306 1637 1434 1712 ejus
1465 1639 1602 1697 socii
1616 1682 1630 1711 ‚
1665 1659 1811 1715 quos
1840 1662 1941 1702 rex
1970 1646 2042 1703 ad
2071 1666 2273 1725 regem
2301 1652 2536 1711 Boemie
2566 1652 2971 1729 destinaverat,

790 1728 1101 1787 redeuntes
1131 1745 1280 1804 pape
1309 1727 1535 1786 litteras
1563 1730 1722 1806 regis
1747 1731 1936 1791 Sicilie
1967 1741 2393 1810 presentarunt.
2441 1742 2673 1818 Suadet,
2705 1747 2791 1816 ut,
2825 1765 2969 1821 qua·

792 1819 956 1877 tinus
974 1817 1086 1876 hiis
1103 1817 1168 1875 in
1197 1816 1366 1875 dictis
1396 1818 1847 1879 continebantur
1874 1823 2104 1897 litteris,
2137 1827 2332 1888 debita
2361 1831 2739 1892 meditatione
2768 1836 2975 1910 penset

790 1907 1080 1984 periculis,
1132 1924 1248 1981 que
1278 1906 1348 1965 de
1381 1925 1595 1983 guerra
1623 1908 1780 1968 inter
1806 1930 1975 1989 reges
2004 1915 2239 1976 Boemie
2276 1921 2337 1978 et
2366 1920 2635 1998 Ungarie,
2689 1942 2975 2001 generum

791 1997 935 2072 ejus,
967 1996 1294 2072 insurgant,
1327 1996 1441 2054 nisi
1467 1996 1596 2071 ejus
1623 1998 1890 2060 obstetur
1914 2001 2115 2066 initiis.
2146 2007 2298 2066 Non
2326 2008 2631 2089 integra.
2667 2013 2974 2085 „Dilectus

794 2086 952 2147 filius
980 2084 1222 2145 frater“.
1269 2084 1324 2143 C.
1359 2085 1441 2144 49
1476 2085 1574 2146 101.
1610 2081 1741 2146 311).
2844 2107 2972 2165 ¹772

920 2226 1005 2239 --
1137 2192 1285 2270 Regi
1328 2192 1518 2252 Sicilie
1558 2195 1796 2255 illustri.
1857 2200 1990 2259 Non
2033 2202 2310 2262 turbetur
2326 2248 2342 2276 ,
2387 2205 2438 2264 si
2485 2208 2676 2267 rector
2718 2210 2971 2269 marchie

791 2283 1153 2343 Anconitane
1182 2282 1532 2341 Rainaldum
1561 2284 1632 2343 de
1652 2286 1848 2345 Matha
1877 2290 1938 2347 et
1968 2292 2248 2365 quosdam
2276 2294 2433 2366 alios,
2465 2298 2537 2354 ut
2567 2297 2799 2373 dicitur,
2831 2317 2971 2375 pro·

792 2373 1008 2433 ditores
1021 2414 1036 2444 ,
1082 2389 1228 2448 quos
1270 2371 1427 2430 idem
1454 2375 1644 2433 rector
1673 2380 1903 2452 ceperat
1916 2421 1931 2449 ,
1976 2379 2040 2439 in
2069 2400 2277 2441 manus
2306 2385 2462 2462 regis
2491 2403 2612 2445 11011
2639 2387 2850 2448 tradat.
2891 2419 2968 2434 —

751 2455 756 2459 ⁴
792 2464 993 2537 „Sicut
1021 2461 1468 2522 intelleximus“.
1516 2463 1573 2523 O.
1608 2464 1690 2522 49
1725 2465 1823 2528 101.
1858 2461 1989 2527 311).
2843 2482 2970 2539 7¹78

915 2607 1004 2617 —
1137 2571 1283 2649 Regi
1314 2572 1501 2631 Sicilie
1531 2572 1769 2634 illustri.
1816 2578 1894 2635 Ut
1931 2581 2122 2639 servet
2153 2580 2512 2655 Cisterciensi
2541 2584 2733 2644 ordini
2762 2585 2972 2646 factam

790 2661 1265 2813 pplmpgffltionem
1309 2679 1486 2738 super
1528 2662 1778 2724 1100111113.
1825 2699 1914 2709 -
1945 2702 1990 2740 -,,
2006 2669 2077 2727 Ι11
2121 2670 2339 2730 vestitu
2383 2672 2661 2733 deaurato
2678 2679 2730 2735 “.
2778 2676 2971 2826 (1.7ξὲ

915 2917 1004 2927 -
1137 2882 1282 2958 Regi
1313 2880 1504 2940 Sicilie
1545 2881 1780 2940 illustri.
1829 2883 1907 2941 Ut
1948 2902 2051 2941 rex
2094 2902 2292 2959 pacem
2336 2887 2643 2946 tractatam
2672 2906 2808 2947 cum
2837 2889 2969 2948 Flo-

792 2972 1039 3033 rentinis
1068 2971 1142 3030 ad
1170 2971 1347 3030 finem
1375 2971 1657 3046 perducat
1686 2990 1792 3029 nec
1820 2974 2154 3047 permittat,
2186 2976 2258 3034 ut
2289 2975 2540 3035 Gibelini
2569 2979 2970 3038 molestentur.

793 3097 877 3108 --
909 3063 1116 3136 „Nosti
1145 3061 1231 3121 fili
1260 3061 1603 3120 carissime“.
1653 3061 1709 3118 C.
1745 3062 1827 3119 49
1860 3061 1958 3122 fol.
1994 3064 2094 3121 32.
2845 3070 2973 3129 775

916 3225 1003 3234 -
1136 3189 1282 3267 Regi
1311 3188 1669 3247 Francorum
1698 3188 1933 3249 illustri.
1969 3189 2143 3262 Petit,
2174 3191 2247 3249 ut
2275 3191 2514 3265 placeat,
2546 3190 2620 3249 ad
2648 3163 2971 3251 acceleran-

791 3280 935 3338 dum
976 3279 1179 3339 navale
1224 3276 1551 3337 subsidium
1592 3279 1749 3336 terre
1794 3278 1988 3337 sancte
2022 3278 2102 3337 25
2135 3279 2298 3337 milia
2325 3298 2654 3339 marcarum
2681 3283 2971 3355 mutuare,

789 3370 861 3429 de
892 3369 1107 3444 quibus
1135 3370 1331 3443 posset
1361 3366 1549 3426 eidem
1576 3369 1733 3426 terre
1762 3366 1984 3442 absque
2013 3386 2173 3427 more
2209 3368 2508 3445 dispendio
2539 3369 2855 3432 subveniri.
2885 3404 2971 3416 —

793 3458 940 3532 „Ubi
969 3459 1278 3535 primum“.
1328 3458 1382 3515 C.
1419 3457 1500 3514 49
1535 3456 1630 3515 fol.
1669 3450 1799 3515 321).
2842 3464 2971 3521 776

914 3615 1004 3626 —-
1136 3583 1364 3642 Illustri
1394 3584 1435 3642 J
1435 3583 1879 3660 erosolymitano
1910 3583 1972 3640 et
2003 3581 2157 3659 Cipri
2187 3583 2331 3660 regi.
2374 3583 2458 3643 De
2488 3583 2789 3643 concordia
2816 3584 2972 3643 inter

788 3692 990 3750 regem
1019 3691 1085 3732 00
1112 3671 1355 3731 barones
1383 3671 1695 3731 reformata
1725 3672 1944 3749 gaudet
1972 3673 2033 3730 et
2060 3675 2232 3748 rogat
2261 3673 2418 3748 pacis
2441 3674 2709 3746 actorem,
2741 3675 2813 3732 ut
2828 3674 2968 3749 ipse,

790 3763 947 3839 pacis
968 3762 1263 3821 commoda
1280 3763 1343 3820 in
1359 3762 1662 3820 universos
1679 3760 1815 3819 fidei
1835 3758 2157 3819 Christiane
2176 3761 2428 3821 cultores
2459 3762 2777 3835 effundenS,
2808 3761 2971 3822 illam

788 3853 853 3911 in
869 3853 1132 3928 tempora
1161 3851 1426 3929 longiora
1455 3851 1773 3910 conservet.
1810 3850 1999 3927 Rogat
2017 3869 2233 3927 regem,
2265 3853 2336 3910 ut
2354 3870 2474 3909 una
2492 3869 2628 3910 cum
2646 3851 2972 3927 patriarcha

790 3942 830 4000 J
831 3940 1275 4019 erosolymitano
1307 3941 1628 4015 ceterisque
1659 3938 2033 4016 magnatibus
2063 3941 2124 3998 et
2152 3939 2355 3998 incolis
2386 3939 2517 3999 aliis
2536 3939 2610 3999 ad
2627 3941 2784 3999 terre
2814 3958 2970 4000 sacre

789 4030 1110 4090 custodiam
1131 4030 1375 4089 sollicito
1406 4031 1638 4088 studeat
1667 4030 1743 4100 et,
1777 4030 2066 4104 quantum
2086 4029 2139 4087 01
2158 4048 2226 4088 ex
2245 4029 2363 4088 alto
2393 4029 2744 4105 permissum
2773 4029 2971 4100 fuerit,

787 4120 859 4179 de
877 4118 1351 4197 contingentibus
1368 4119 1517 4177 nihil
1535 4119 1785 4178 omittat.
1802 4150 1890 4160 —
1908 4119 2143 4191 „Varias
2162 4138 2195 4176 a
2211 4119 2368 4177 tua“.
2390 4119 2448 4180 C.
2466 4120 2548 4177 49
2570 4118 2668 4177 fol.
2688 4112 2822 4180 331).
2842 4123 2971 4181 777

912 4278 1000 4289 -—
1133 4244 1578 4320 Archiepiscopo
1597 4243 2064 4321 Rothomagensi.
2111 4244 2189 4302 Ut
2206 4242 2280 4302 ad
2309 4243 2533 4302 curiam
2561 4242 2719 4321 regis
2736 4242 2974 4302 Francie

789 4333 1059 4396 accedens
1102 4333 1466 4393 Narbonensi
1513 4332 1939 4409 archiepiscopo
1984 4333 2050 4392 in
2090 4332 2267 4393 rebus
2314 4332 2609 4407 aliquibus
2658 4332 2974 4392 referendis

791 4424 1036 4486 assistat.
1068 4456 1158 4467 —-
1188 4422 1627 4498 „Venerabilem
1657 4422 1949 4483 fratrem“.
1995 4423 2053 4484 C.
2086 4423 2168 4482 49
2201 4421 2299 4482 101.
2339 4415 2510 4482 1331).
2845 4425 2971 4484 ’178
