3292 5100
557 436 639 494 46
1454 437 1806 486 CLEMENS
1856 440 1935 487 [v.
1992 440 2143 489 1267.

560 595 748 657 1267.

551 721 694 798 Maji
729 723 825 781 15.
871 721 1199 872 Viggrgii.
1246 722 1311 782 P.
1347 722 1446 793 20,
1452 723 1598 782 009.
1644 724 1776 782 Dat.
1808 725 1879 781 ut
1908 742 2087 799 supra
2117 723 2390 798 (viterbii
2434 725 2533 785 VI.
2564 724 2642 785 id.
2685 725 2878 802 Maji.)
2918 725 3053 783 321

2916 815 3060 874 578

596 959 629 988 ,,
724 917 826 978 28.
867 830 908 886 p
1215 917 1433 977 Abbati
1463 917 1769 977 Casinensi.
1804 919 2194 978 confirmatur
2219 919 2601 997 privilegium
2629 919 2922 980 Paschalis
2949 919 3058 991 IL,

871 961 1038 1082 quod
1047 1006 1297 1066 habetur
1312 1006 1619 1079 incertum,
1634 1007 1839 1066 datum
1856 1026 2009 1067 anno
2034 1010 2064 1067 1
2079 1010 2109 1067 1
2120 1009 2221 1079 05,
2252 1025 2370 1084 quo
2390 1008 2613 1068 dictum
2628 1009 3060 1069 monasterium

870 1096 1195 1155 declaratur
1223 1099 1530 1172 exceptum
1558 1098 1620 1154 et
1649 1098 1844 1156 omnia
1886 1098 2015 1172 ejus
2053 1098 2207 1157 bona
2234 1101 2296 1156 31
2324 1100 2512 1157 333113
2538 1086 2931 1158 recensentur.
2960 1129 3058 1141 —-

870 1186 1122 1259 „Decet“
1125 1230 1141 1245 .
1170 1186 1240 1246 V.
1268 1185 1383 1243 kal.
1413 1185 1552 1244 Jun.
1589 1186 1669 1244 67
1705 1205 1761 1262 p.
1801 1187 1922 1246 158
1955 1189 2062 1271 A4.
2914 1192 3058 1248 574

597 1334 635 1366 ‚‚
727 1293 829 1352 30.
1009 1333 1043 1365 „
1220 1292 1314 1350 Ad
1355 1294 1700 1368 perpetuam
1741 1294 1828 1351 rei
1869 1294 2226 1354 memoriam.
2275 1293 2661 1353 Confirmatur
2706 1293 3054 1370 compositio

870 1381 1069 1441 habita
1107 1382 1264 1440 inter
1304 1399 1610 1440 commune
1652 1382 1714 1440 et
1756 1383 2048 1458 populum
2076 1383 2386 1442 Senensem
2414 1403 2484 1443 ex
2512 1403 2633 1442 una
2660 1384 2827 1460 parte
2857 1385 2919 1442 31
2948 1401 3052 1441 ex-

868 1471 1147 1530 trinsecos
1156 1471 1449 1541 SenenseS,
1470 1473 1576 1546 qui
1587 1470 1778 1530 Guelfi
1796 1471 2088 1542 dicuntur,
2119 1490 2190 1531 ex
2204 1473 2401 1544 altera,
2422 1473 2594 1550 cujus
2610 1472 3054 1548 compositionis

868 1561 1040 1620 tenor
1065 1560 1316 1620 habetur
1343 1560 1614 1619 insertus.
1639 1594 1720 1604 -—
1744 1561 1927 1632 „Cum
1954 1561 2147 1620 labilis
2177 1562 2253 1621 sit
2282 1563 2614 1623 memoria“.
2643 1563 2749 1622 III.
2769 1562 2887 1621 kal.
2903 1562 3048 1620 Jun.

871 1650 953 1709 41
986 1669 1045 1727 p.
1082 1650 1202 1708 149
1236 1648 1343 1733 A4.
2915 1655 3050 1714 575

551 1756 692 1817 Jun.
770 1759 828 1819 4.
1008 1800 1041 1831 ‚,
1218 1689 1365 1833 Regi
1396 1756 1586 1815 Sicilie
1629 1757 1867 1818 illustri.
1913 1759 1993 1816 Ut
2028 1776 2237 1818 manus
2279 1759 2589 1818 servatoris
2630 1759 2787 1835 pacis
2817 1760 2882 1818 in
2910 1777 3049 1834 par·

868 1847 1029 1906 tibus
1058 1846 1259 1905 Tuscie
1303 1845 1377 1904 ad
1422 1846 1748 1905 triennium
1776 1846 2053 1906 obtineat.
2085 1882 2173 1892 —-
2204 1848 2385 1920 „Cum
2412 1851 2528 1909 te“.
2557 1849 2635 1908 II.
2664 1867 2801 1908 non.
2831 1849 2872 1908 J
2871 1867 2975 1908 un.
3012 1849 3048 1906 6

869 1956 926 2013 p.
961 1937 1085 1995 202
1118 1936 1224 2019 A5.
2913 1941 3048 1998 576

597 2085 631 2117 ,,
727 2042 1113 2118 17.resp.18.
1147 2086 1179 2114 „
1211 2043 1276 2103 P.
1328 2043 1579 2113 20,051.
1628 2077 1719 2086 -
1765 2044 1895 2103 Dat.
1944 2043 2194 2104 Viterbii
2239 2045 2483 2106 XVIIII.
2534 2044 2733 2123 (3131)
2777 2044 2894 2105 kal.
2923 2044 3049 2102 Jul.

870 2152 920 2193 a.
954 2127 1046 2192 3⁰.
1081 2133 1205 2191 339
1238 2151 1296 2208 p.
1333 2131 1411 2190 58
1445 2133 1503 2192 3.
2912 2137 3046 2194 57⁷

596 2282 631 2314 „
724 2241 825 2302 25.
1004 2283 1037 2313 ,,
1217 2238 1272 2298 S.
1290 2239 1489 2298 Pontii
1507 2239 1578 2298 de
1595 2239 1911 2299 Themeriis
1928 2241 2035 2300 313.
2060 2240 2387 2301 311113111133.
2417 2241 2496 2300 Ut
2513 2241 2816 2316 inquirant
2846 2243 3053 2300 contra

868 2329 1137 2388 abbatem
1166 2329 1501 2387 monasterii
1530 2329 1881 2406 Figiacensis
1910 2332 1970 2388 31
2000 2330 2144 2389 31133
2189 2331 2499 2389 monachos
2542 2330 2805 2407 ejusdem
2843 2348 3051 2390 mona-

868 2418 1034 2478 sterii
1063 2417 1134 2476 de
1168 2418 1444 2496 gravibus
1486 2419 1831 2477 criminibus
1873 2419 2195 2479 infamatos
2227 2453 2316 2462 —
2346 2421 2537 2493 „Dum
2568 2421 2882 2480 levamus“.
2915 2421 3049 2480 VII.

548 2584 559 2594 .
868 2509 983 2569 kal.
1011 2507 1136 2568 Jul.
1168 2507 1250 2567 43
1282 2508 1499 2584 13153
1532 2506 1636 2593 A4.
2915 2513 3053 2571 578

549 2616 671 2676 Jul.
766 2618 824 2677 9.
867 2725 908 2782 p
960 2659 1037 2764 537,
1074 2707 1115 2764 C
1213 2617 1278 2676 P.
1342 2616 1622 2687 20,073.·
1686 2616 1818 2677 Dat.
1867 2617 2116 2678 Viterbii
2162 2617 2290 2678 VII.
2339 2617 2417 2677 id.
2464 2617 2606 2676 Jun.
2667 2636 2716 2676 a.
2771 2609 2862 2676 3⁰.
2916 2619 3053 2767 {3}

596 2856 631 2888 ,‚
726 2813 757 2872 1
770 2814 824 2874 1.
1000 2856 1034 2886 „
1213 2811 1660 2889 Archiepiscopo
1676 2813 1969 2873 Toletano.
1997 2813 2221 2872 Laudat
2249 2812 2378 2889 ejus
2407 2814 2703 2890 pietatem,
2736 2813 2894 2889 quod
2912 2832 3052 2872 3111-

867 2921 992 2963 cem
1021 2902 1395 2978 assumpserit
1425 2904 1627 2962 contra
1658 2903 1995 2962 Sarracenos
2025 2902 2332 2979 Hispanias
2361 2903 2731 2974 infestantes,
2784 2902 3051 2962 concedit

867 2992 1267 3069 indulgentias
1297 2994 1357 3049 31
1386 2992 1695 3069 privilegia
1724 2993 1778 3051 ei
1808 2994 1867 3051 et
1895 2992 2092 3068 ipsum
2130 2992 2526 3067 sequentibus,
2558 2992 3047 3065 --,,6311(1311133

869 3081 1347 3142 13ᾶ3111133“.17
1376 3081 1454 3141 id.
1485 3082 1607 3141 Jul.
1642 3083 1722 3141 69
1757 3102 1812 3158 p.
1853 3083 1973 3140 159
2007 3081 2088 3167 Α4
2126 3082 2196 3142 cf.
2226 3082 2290 3142 P.
2324 3083 2424 3152 20,
2431 3082 2576 3142 075.
2912 3086 3049 3143 580

594 3233 627 3263 ,,
727 3190 758 3249 1
771 3191 823 3250 5.
1004 3234 1037 3272 ,,
1215 3190 1279 3250 Ο.
1310 3208 1354 3249 3.
1385 3188 1627 3249 Adriani
1658 3191 1796 3249 diac.
1829 3190 1977 3250 card.
2011 3192 2193 3267 apost.
2225 3191 2341 3251 sed.
2371 3191 2587 3269 133313.
2619 3192 2698 3251 Ut
2727 3191 3048 3268 sententias

869 3280 1016 3339 latas
1059 3281 1123 3338 in
1153 3280 1464 3357 Symonem
1507 3279 1578 3338 de
1608 3280 1945 3340 Monteforti
1989 3282 2048 3339 et
2088 3281 2229 3338 alias
2270 3280 2602 3340 turbatores
2630 3280 2801 3359 13331
2828 3281 3047 3359 Α33113

866 3369 1040 3428 faciat
1080 3369 1146 3427 in
1186 3369 1481 3444 aliquibus
1523 3370 1664 3428 locis
1706 3369 1957 3446 publicis
1986 3370 2296 3445 publicari,
2332 3371 2512 3446 prout
2544 3370 2758 3431 viderit
2787 3388 2909 3429 esse
2937 3389 3043 3429 ne-

868 3458 1203 3530 cessarium,
1233 3477 1309 3517 ne
1339 3462 1762 3532 contemnatur,
1793 3462 1864 3518 ut
1909 3459 2085 3518 fiebat
2124 3459 2197 3518 ab
2228 3459 2542 3535 aliquibus.
2574 3494 2659 3503 —
2692 3459 2917 3532 „Olim“
2919 3504 2933 3518 .
2965 3459 3044 3519 id.

868 3548 989 3608 Jul.
1028 3550 1105 3608 52
1140 3567 1197 3623 p.
1236 3547 1357 3606 155
1390 3548 1497 3632 A.
2914 3553 3040 3609 581

592 3699 629 3729 ,,
728 3653 827 3730 17,
1218 3655 1284 3715 P.
1318 3656 1417 3725 20,
1425 3656 1570 3715 087.
1601 3689 1687 3700 -
1720 3656 1902 3728 „Cum
1944 3656 2008 3714 in
2049 3655 2241 3716 villa“.
2286 3655 2536 3717 Viterbii
2577 3655 2697 3717 XV.
2741 3655 2857 3716 kal.
2887 3656 3042 3733 Aug.

869 3745 952 3803 90
984 3764 1043 3820 p.
1079 3744 1201 3803 165
1234 3745 1338 3828 A4.
2914 3749 3040 3806 582

594 3894 628 3925 ,,
724 3851 824 3912 2-6.
1005 3894 1038 3922 ,,
1214 3850 1307 3909 Ad
1337 3852 1401 3911 P.
1435 3852 1686 3924 20,091.
1719 3886 1807 3896 —-
1837 3853 2058 3924 „Quam
2087 3852 2165 3912 sit
2193 3852 2358 3911 orbi“
2361 3898 2376 3912 .
2409 3853 2536 3912 355
2568 3871 2624 3929 p.
2662 3852 2699 3910 6
2733 3852 2791 3912 C.
2913 3857 3040 3913 588

547 3976 704 4054 Aug.
731 3977 761 4035 1
773 3979 830 4037 2.
1008 4019 1042 4050 „
1220 3977 1447 4036 Decano
1466 3978 1527 4036 et
1541 3978 1795 4051 capitulo
1814 3977 2212 4054 Aquilegensi.
2242 3976 2407 4047 Quod
2425 3976 2490 4036 6.
2510 3977 2837 4053 patriarcha
2854 3978 3039 4053 Aqui·

866 4066 1119 4144 legensis
1136 4086 1171 4124 a
1186 4066 1499 4143 Meynardo
1521 4066 1739 4137 6311113
1757 4068 1968 4127 comite
1997 4066 2108 4126 sub
2138 4067 2407 4125 carcerali
2435 4066 2698 4125 custodia
2727 4067 3039 4126 detinetur.

865 4188 955 4200 —-
983 4155 1166 4227 „Cum
1194 4160 1342 4215 ven!
1346 4157 1465 4214 ’.ΙΙ
1497 4155 1573 4213 id.
1605 4156 1761 4233 Aug.
1799 4158 1875 4216 19
1909 4176 1965 4233 p.
2001 4157 2126 4215 203
2158 4156 2264 4239 A5.
2913 4161 3040 4217 584

592 4304 627 4334 „
724 4260 822 4321 18.
1212 4262 1307 4321 Ad
1350 4265 1696 4339 perpetuam
1738 4264 1825 4322 131
1867 4264 2219 4322 memoriam.
2265 4262 2562 4335 Habetur‚
2608 4263 2766 4339 quod
2808 4264 3040 4323 33313313

866 4307 1202 4412 Nazarensis
1247 4353 1439 4412 fuerat
1483 4352 1556 4411 ab
1599 4352 1914 4428 apostolica
1957 4351 2089 4412 sede
2119 4306 2590 4429 archiepiscopali
2618 4352 2910 4430 dignitate
2938 4352 3037 4411 do·

865 4442 1034 4514 nata3
1078 4444 1509 4519 componuntur
1552 4442 1833 4502 discordie
1863 4444 2058 4502 exorte
2086 4441 2242 4501 inter
2270 4441 2766 4518 archiepiscopum
2795 4444 2856 4502 et
2885 4442 3037 4519 capi-
