3292 5100
1183 397 1547 446 URBANUS
1582 399 1662 446 lv.
1716 398 1868 446 1262.
2475 463 2480 467 ‚
2689 398 2768 459 Π

288 558 476 617 1262.

275 684 421 760 ΑΡ1.
503 684 557 743 5.
602 683 656 831 ἕ
649 676 974 832 5113111ἒ11Ᾱ
1001 685 1066 743 P.
1093 683 1340 756 18,267.
1362 717 1451 727 -—
1471 683 1569 757 „Si
1586 682 1661 741 ad
1680 683 2181 742 sollicitudinem“.
2216 681 2462 743 Viterbii
2477 701 2611 742 non.
2629 684 2770 760 Apr.

716 791 772 848 P·
927 836 933 841 .
974 816 988 831 ·
1052 797 1057 803 ’
2646 778 2772 835 195

273 897 320 956 J
318 916 418 956 un.
499 898 556 956 9.
736 939 770 970 „
947 897 1392 973 Archiepiscopo
1420 896 1794 956 Nidrosiensi.
1844 896 1995 966 Quid
2031 896 2384 957 ordinaverit
2407 897 2775 973 ¹predecessor

600 986 926 1045 Alexander
971 989 1171 1045 contra
1216 987 1480 1046 Tartaros
1499 1030 1513 1058 ,
1579 985 2038 1045 Christianorum
2086 986 2334 1062 populos
2393 985 2770 1047 devastantes.

599 1075 764 1157 Quod
794 1075 1030 1135 demum
1054 1076 1179 1152 ipse
1198 1094 1400 1134 eorum
1417 1077 1658 1135 nuntios
1674 1093 1780 1152 pro
1798 1074 1999 1134 eodem
2015 1075 2250 1152 negotio
2266 1074 2520 1152 benigne
2536 1077 2772 1152 recepit,

598 1165 735 1223 licet
761 1183 879 1223 non
915 1165 1087 1241 plene
1117 1165 1549 1237 deliberaverit,
1593 1165 1739 1241 quid
1782 1165 1860 1223 sit
1893 1164 2214 1242 agendum3
2247 1164 2516 1223 hortatur
2544 1164 2775 1224 eosdem

599 1253 673 1312 ad
691 1254 1160 1330 prosequendum
1188 1272 1322 1313 cum
1352 1255 1511 1314 omni
1540 1245 1847 1331 diligentia
1875 1253 2212 1330 hujusmodi
2240 1254 2547 1331 negotium
2575 1255 2776 1314 contra

449 1324 509 1407 ‚⁸
599 1343 878 1422 Tmaros.
909 1376 998 1385 -
1027 1343 1338 1417 ‚,s01ium“.
1370 1344 1438 1404 v.
1467 1343 1544 1403 id.
1576 1344 1716 1402 Jun.
1757 1342 1879 1402 100
1910 1363 1967 1419 p.
2005 1344 2084 1403 23
2116 1344 2185 1402 A.
2591 1362 2598 1367 ·
2648 1349 2774 1405 196

312 1448 373 1525 (‚,
510 1451 592 1530 9.)
713 1449 798 1529 (‚,)
947 1451 1176 1510 illustri
1220 1451 1350 1529 regi
1396 1450 1720 1529 Norwegie.
1771 1450 1857 1509 De
1905 1450 2120 1510 eodem.
2177 1450 2297 1510 101
2350 1470 2406 1527 p.
2458 1451 2554 1510 24·
2587 1451 2656 1512 A.
2702 1447 2773 1510 cf.

599 1540 661 1600 P.
701 1541 950 1612 18,345.
989 1541 1155 1601 1262
1188 1541 1328 1600 σιω.
1364 1541 1418 1600 2.
1632 1626 1643 1634 .
2476 1610 2480 1619 ,
2646 1545 2771 1602 137

500 1649 556 1707 9.
736 1691 770 1720 „
947 1649 1230 1725 Episcopo
1246 1648 1598 1726 Agennensi.
1632 1649 1712 1707 Ut
1738 1648 1803 1707 in
1819 1665 2001 1725 regno
2018 1647 2255 1707 Francie
2274 1647 2521 1707 decimas
2537 1647 2775 1725 colligat

598 1756 706 1814 pro
750 1739 1131 1799 subventione
1177 1737 1798 1814 Constantinopolitani
1838 1737 2085 1813 imperii.
2118 1769 2207 1780 —-
2225 1735 2536 1809 ·„Crebra.“
2579 1738 2647 1799 V.
2692 1737 2770 1796 id.

596 1828 736 1887 Jun.
776 1828 896 1888 131
929 1848 986 1905 p.
1022 1829 1103 1887 36
1136 1828 1205 1887 A.
2327 1906 2333 1912 .
2595 1861 2600 1865 «
2646 1830 2773 1887 133

309 1933 370 2008 (‚,
508 1934 591 2013 9.)
712 1933 798 2014 (‚,)
945 1934 1164 1994 Eidem.
1196 1935 1282 1993 De
1312 1934 1528 1993 eodem.
1568 1934 1692 1992 132
1726 1953 1782 2009 p.
1819 1934 1900 1992 36
1933 1933 2003 1994 A.
2646 1920 2772 1994 133

310 2040 372 2115 (,,
509 2041 590 2116 9.)
711 2040 796 2119 (‚,)
944 2041 1165 2101 Eidem.
1195 2041 1282 2099 De
1312 2041 1528 2099 eodem.
1568 2041 1692 2099 133
1727 2059 1783 2116 p.
1819 2041 1901 2099 36
1932 2041 2003 2100 A.
2640 2045 2773 2100 200

278 2149 401 2207 Jul.
452 2148 552 2208 20.
731 2191 765 2221 ,,
943 2148 1388 2225 Archiepiscopo
1405 2147 1841 2206 Tarantasiensi.
1874 2147 2083 2206 Contra
2110 2147 2354 2206 Petrum
2385 2145 2456 2204 de
2471 2145 2771 2222 sabaudia,

598 2241 854 2298 castrum
883 2238 955 2297 de
971 2238 1308 2297 Martiniaco
1336 2238 1522 2314 ipsius
1551 2237 1785 2296 ecclesie
1802 2236 2250 2295 Tarantasiensis
2279 2234 2654 2295 obsidentem.
2682 2268 2773 2279 —

598 2328 727 2402 „Ad
754 2327 1164 2403 audientiamf‘
1193 2328 1351 2389 XIII.
1384 2327 1497 2392 kal
1527 2327 1683 2404 Aug.
1722 2326 1844 2385 116
1877 2346 1933 2403 p.
1970 2327 2050 2385 29
2083 2326 2153 2384 A.
2640 2331 2768 2387 201

280 2433 435 2514 Aug.
453 2436 552 2495 31.
599 2436 812 2527 Apud
830 2435 1626 2495 MontemFlasconem.
1672 2433 1889 2492 Abbati
1906 2432 2241 2493 monasterii
2256 2431 2611 2496 Villariensis
2632 2433 2765 2492 Oist.

599 2510 737 2585 ord.
751 2525 902 2597 Quid
930 2527 1010 2586 sit
1037 2524 1331 2603 agendum
1348 2525 1419 2584 de
1435 2523 1696 2626 pecunia,
1729 2542 1906 2625 quam
1935 2523 2009 2584 H.
2040 2523 2157 2582 dux
2174 2521 2595 2600 Lothoringie
2577 2542 2643 2582 m
2672 2539 2770 2582 ex·-

601 2616 803 2675 tremis
820 2634 1014 2693 agens,
1045 2616 1343 2691 assumpto
1373 2615 1558 2674 crucis
1587 2614 1756 2691 signo
1774 2614 1839 2671 in
1855 2613 2040 2688 ipsius
2057 2615 2212 2671 terre
2231 2613 2425 2671 sancte
2444 2612 2772 2672 subsidium

600 2706 835 2783 legavit.
868 2739 957 2748 —
986 2706 1115 2777 „Ad
1142 2706 1436 2763 nostram“
1440 2748 1453 2761 .
1483 2705 1558 2763 Π.
1590 2704 1704 2761 kal.
1739 2704 1893 2779 Sept.
1927 2722 1975 2760 a.
2014 2698 2105 2762 2⁰.
2144 2703 2265 2760 123
2299 2721 2357 2778 p.
2394 2702 2476 2760 33,
2508 2702 2579 2762 A.
2641 2706 2774 2762 202

280 2812 402 2873 Oct.
496 2812 552 2871 6.
732 2856 765 2887 „
942 2813 1223 2871 Potestati
1266 2810 1504 2870 Senensi
1547 2788 1820 2885 spiritum
1864 2810 2087 2868 consilii
2135 2808 2390 2867 senioris.
2442 2808 2607 2878 Quod
2647 2809 2773 2885 ipse

600 2922 752 2980 papa
791 2902 1044 2961 tentavit
1084 2902 1273 2977 sopire
1317 2900 1624 2959 discordias
1668 2918 1804 2958 cum
1840 2898 1981 2975 ipsis
2011 2917 2076 2957 33
2106 2897 2178 2957 (13
2210 2897 2436 2956 duritie
2456 2916 2521 2955 ac
2550 2898 2774 2957 malitia

599 2992 760 3051 Petri
790 2992 970 3051 Scotti
999 2991 1242 3093 ejusque
1273 2991 1572 3064 sociorum,
1604 3007 1741 3048 cum
1772 2988 1986 3063 quibus
2017 2988 2341 3064 specialiter
2368 2987 2593 3046 ratione
2624 3006 2770 3063 qua-

597 3077 849 3142 rundam
876 3081 1256 3158 pecuniarum
1283 3079 1623 3139 concordare
1650 3078 1888 3138 curavit.
1905 3110 1994 3120 —
2005 3078 2229 3151 „Mater
2254 3079 2496 3137 vestra‘fl
2529 3078 2605 3136 II.
2636 3095 2773 3136 non.

597 3172 717 3231 Oct.
749 3192 800 3232 3.
833 3166 926 3231 20.
961 3171 997 3229 6
1028 3189 1084 3247 Ρ.
1121 3174 1156 3230 2
1189 3171 1256 3230 Β.
2644 3172 2777 3227 208

324 3320 359 3353 ,,
416 3280 552 3338 21.
600 3278 825 3359 Apud
872 3277 1141 3338 Urbem
1190 3279 1541 3338 veterem.
1601 3277 1667 3335 P.
1720 3275 1817 3348 18,
1822 3274 1969 3335 415.
2019 3273 2224 3334 Eidem
2269 3273 2355 3348 (L.
2382 3271 2603 3332 illustri
2647 3272 2778 3350 regi

596 3369 974 3445 Francorum)
1007 3367 1079 3425 de
1110 3367 1327 3427 eodem.
1360 3367 1397 3426 9
1432 3384 1489 3442 p.
1524 3366 1560 3425 3
1593 3366 1661 3424 Β.
2643 3366 2776 3423 204

323 3516 358 3546 „
453 3475 555 3535 25.
733 3517 766 3547 ,,
945 3474 1225 3551 Magistro
1239 3473 1482 3532 Alberto
1500 3472 1727 3531 notario
1746 3472 1961 3530 nostro.
1993 3471 2072 3529 Ut
2088 3487 2224 3528 cum
2243 3468 2456 3540 Carolo,
2475 3469 2776 3529 Provincie

600 3565 823 3637 comite,
853 3565 1065 3623 tractet
1093 3563 1164 3622 de
1192 3562 1429 3641 negotio
1445 3562 1617 3640 regni
1630 3560 1837 3633 Sicilie,
1868 3578 2003 3618 cum
2032 3577 2149 3635 quo
2178 3560 2376 3618 tamen
2403 3558 2554 3617 nihil
2582 3557 2777 3617 fimet

597 3654 712 3714 nisi
753 3654 880 3731 ipso
923 3673 1074 3731 papa
1116 3653 1265 3713 facto
1308 3652 1567 3711 certiore.
1616 3684 1706 3693 —
1753 3649 2132 3726 „Scripsisti“.
2182 3648 2339 3709 VIII.
2391 3647 2505 3707 kal.
2553 3647 2777 3799 Nego}

599 3764 658 3821 p.
694 3745 729 3802 2
761 3745 829 3803 Β.

278 3849 427 3911 Nov.
451 3851 552 3911 29.
680 3878 691 3892 ·
731 3893 764 3921 „
942 3850 1140 3909 Nobili
1183 3850 1310 3909 viro
1342 3847 1592 3907 Gnidoni
1635 3845 1956 3906 marchioni
1997 3846 2058 3903 et
2096 3845 2225 3903 aliis
2239 3888 2254 3916 ,
2286 3844 2392 3919 qui
2422 3843 2612 3902 Guelfi
2639 3843 2776 3902 vul-

599 3940 818 4018 gariter
846 3940 1233 4016 appellantur,
1264 3938 1515 3998 civitatis
1546 3935 1777 3995 Castelli
1807 3934 2039 3994 ecclesie
2059 3934 2313 3993 Romane
2342 3932 2581 3993 devotis.
2611 3931 2775 3991 Reci-

597 4031 847 4106 piunt-ur
874 4029 940 4087 in
967 4029 1384 4105 protectionem
1413 4026 1562 4086 sedis
1591 4025 1916 4102 apostolice.
1945 4056 2035 4067 -—
2064 4022 2490 4094 „Devotionis“.
2519 4022 2629 4081 III.
2659 4021 2775 4080 kal.

597 4120 729 4179 Dec.
769 4118 888 4177 167
924 4137 983 4195 p.
1020 4119 1095 4178 57
1130 4120 1197 4178 B.
2643 4113 2777 4172 206

277 4225 411 4285 Dec.
491 4226 547 4284 9.
726 4268 762 4299 ,‚
942 4225 1006 4284 G.
1040 4225 1221 4284 electo
1250 4223 1752 4300 Jerosolymitano.
1797 4221 1885 4280 De
1928 4219 2308 4279 translatione
2351 4218 2481 4295 ejus
2518 4216 2593 4276 ab
2622 4215 2778 4292 epis.-

318 4309 323 4316 ’
596 4318 810 4392 copatu
856 4315 1194 4392 Agennensi
1236 4314 1310 4373 ad
1352 4312 1646 4373 ecclesiam
1694 4313 1734 4371 J
1734 4309 2243 4387 erosolymitanam
2290 4306 2539 4366 habetur
2581 4306 2647 4365 in
2690 4324 2774 4376 ea,

598 4406 756 4481 quod
783 4405 909 4481 ipse
939 4424 1090 4481 papa
1119 4405 1326 4482 longas
1354 4401 1588 4472 ibidem,
1620 4402 1763 4460 dum
1780 4400 1844 4459 in
1862 4398 2188 4458 minoribus
2207 4399 2374 4468 esset,
2406 4395 2575 4455 duxit
2590 4412 2780 4455 moras

491 4512 654 4572 Posse,
692 4512 936 4560 Analecta.
2426 4505 2457 4554 2
