3292 5100
519 402 599 459 56
1387 399 1835 448 GREGORIUS
1873 401 1931 448 X.
1993 401 2139 448 1272.

523 560 707 621 1272.

832 670 1088 729 intendit
1129 670 1426 746 deputare.
1489 670 1677 744 Super
1725 670 1815 728 his
1863 671 2226 729 voluntatem
2273 670 2432 748 regis
2477 670 2669 730 Sicilie
2721 671 2893 746 petit.
2943 702 3037 712 —-·

833 759 1273 832 „Desiderantes
1303 760 1458 818 inter
1488 761 1600 817 te“.
1633 760 1709 817 H.
1741 759 1819 817 id.
1851 760 1995 819 Nov.
2029 759 2085 818 O.
2121 760 2202 818 49
2236 758 2334 820 fol.
2370 752 2501 819 28¹0.
2892 765 3029 820 704

514 867 659 926 Nov.
694 866 791 928 18.
835 867 1051 942 Apud
1083 854 1352 926 Urbem
1397 869 1768 926 veterem(
1793 867 1855 924 P.
1893 866 2145 935 20,642.
2191 866 2498 924 Processus
2541 866 2779 926 habitus
2821 867 3033 925 contra

836 957 987 1015 cives
1017 957 1078 1014 et
1108 974 1411 1014 commune
1429 957 1774 1015 Pisanorum
1792 956 1856 1014 in
1888 955 2034 1014 festo
2071 956 2443 1015 dedicationis
2473 955 2708 1014 basilice
2739 955 3029 1031 principis

835 1046 1243 1121 apostolorum,
1275 1064 1391 1120 quo
1410 1045 1711 1103 confirmat
1740 1063 1836 1103 eos
1867 1045 2387 1104 excommunicatos
2416 1045 2790 1122 privatosque
2822 1046 3028 1122 ponti·

832 1135 984 1194 ficali
1027 1135 1328 1212 dignitate.
1375 1167 1463 1177 --
1507 1135 1700 1205 „Licet
1744 1152 1863 1193 non
1908 1135 2030 1192 sine
2077 1134 2297 1211 gravi“.
2356 1134 2573 1194 Actum
2616 1136 2773 1211 apud
2804 1135 3029 1194 Urbem

835 1225 1093 1283 veterem
1123 1243 1158 1282 a
1194 1219 1284 1282 1⁰.
1320 1225 1402 1282 46
1434 1243 1489 1299 p.
1529 1224 1609 1281 63
1641 1223 1772 1306 A1.'
2894 1228 3028 1285 705

563 1373 595 1402 ,,
694 1330 792 1388 18.
972 1373 1005 1401 ,,
1184 1331 1490 1390 Processus
1533 1330 1734 1389 eodem
1780 1330 1871 1388 die
1913 1330 2148 1390 habitus
2178 1332 2378 1389 contra
2408 1331 2781 1404 VeronenSeS,
2814 1331 3027 1390 ducem

834 1421 1074 1479 Bavarie
1106 1422 1214 1480 etc.
1248 1420 1328 1478 47
1363 1440 1422 1496 p.
1458 1421 1538 1477 65
1573 1421 1677 1503 A1·
2891 1425 3026 1481 706

562 1568 599 1599 ,,
697 1526 795 1586 18.
974 1569 1006 1598 ,,
1187 1527 1494 1586 Processus
1524 1530 1724 1586 contra
1752 1527 1903 1586 cives
1935 1527 2226 1586 SenenseS.
2278 1526 2359 1585 48
2392 1546 2449 1602 p.
2486 1526 2567 1584 65
2599 1527 2704 1611 A1·
2889 1533 3022 1588 707

567 1675 600 1706 ,,
700 1632 796 1691 18.
978 1678 1012 1706 ‚‚
1190 1634 1496 1693 Processus
1526 1636 1725 1692 contra
1754 1635 2078 1709 Papienses.
2113 1635 2195 1692 49
2229 1654 2285 1710 p.
2324 1635 2404 1691 66
2437 1634 2512 1718 A¹
2531 1680 2544 1694 .
2889 1640 3023 1694 708

567 1781 600 1810 ,,
696 1739 795 1798 26.
975 1784 1008 1813 ,,
1188 1741 1241 1800 S.
1262 1742 1527 1817 episcopo
1547 1741 1898 1800 Cicestrensi.
1945 1740 2290 1800 Absolvitur
2318 1741 2391 1800 ab
2412 1741 3021 1813 excommunicatione,

839 1848 1016 1904 quam
1044 1829 1294 1888 incurrit
1322 1830 1645 1889 adherendo
1667 1830 1906 1907 Symoni
1937 1830 2007 1888 de
2027 1830 2368 1890 Monteforti
2390 1832 2450 1889 et
2467 1830 2597 1889 aliis
2613 1848 2677 1888 re
2682 1831 2787 1908 gni
2803 1830 3025 1908 Anglie

834 1919 1250 1979 turbatoribus.
1270 1952 1361 1962 —
1389 1921 1588 1991 „Sicut
1604 1919 2050 1978 intelleximus“.
2083 1921 2179 1981 VI.
2199 1920 2312 1978 kal.
2334 1920 2467 1978 Dec.
2494 1919 2571 1978 87
2597 1939 2653 1994 p.
2680 1920 2758 1978 27
2781 1920 2852 1979 A.
2886 1925 3022 1980 709

520 2020 858 2103 (Nov.Dec.)
959 2025 1044 2101 (,‚)
1193 2026 1338 2104 Regi
1383 2027 1573 2085 Sicilie
1614 2027 1850 2086 illustri.
1918 2025 2130 2085 Scribit
2172 2026 2226 2084 ei
2241 2070 2256 2098 ,
2300 2027 2373 2085 ut
2414 2027 2480 2083 in
2523 2025 2772 2085 illustris
2814 2028 3024 2105 regine

834 2114 1071 2174 Francie
1102 2115 1382 2175 discordia
1412 2116 1529 2174 odii
1544 2116 1876 2191 ,cujuslibet
1905 2115 2212 2193 extinguat
2229 2115 2461 2174 fomites
2479 2117 2540 2174 et
2559 2116 2715 2191 pacis
2743 2116 3023 2175 reformet

836 2203 1254 2281 integritatem,
1276 2206 1424 2264 circa
1441 2206 1547 2263 hec
1564 2207 1763 2264 autem
1784 2205 1911 2274 hiis,
1936 2223 2049 2280 que
2066 2205 2125 2263 Τ.
2147 2204 2475 2280 patriarcha
2491 2205 2532 2263 J
2532 2205 3023 2282 erosolymitanus

836 2296 1016 2367 apost.
1063 2294 1213 2353 sedis
1260 2295 1495 2371 legatus
1541 2295 1594 2352 ei
1637 2294 1974 2370 exponenda
2003 2295 2260 2365 duxerit,
2291 2293 2465 2352 fidem
2495 2293 2885 2353 indubitatam
2916 2293 3020 2352 ad-

837 2382 1050 2441 hibeat.
1085 2416 1175 2426 —-
1207 2384 1336 2454 „Ad
1366 2384 1522 2459 pacis
1551 2384 2093 2459 tranquillitatem“.
2143 2384 2199 2442 C.
2234 2384 2315 2441 49
2348 2381 2445 2441 fol.
2482 2384 2582 2441 28.
2889 2390 2929 2444 ¹7
2939 2389 3022 2445 10

642 2487 728 2567 (,,)
953 2489 1038 2567 (,,)
1190 2491 1410 2569 Regine
1439 2491 1678 2550 Francie
1720 2490 1954 2550 illustri.
2004 2490 2219 2550 Suadet
2261 2489 2333 2549 ad
2363 2508 2564 2567 pacem
2593 2508 2727 2550 cum
2755 2508 2896 2569 rege
2929 2489 3019 2550 Si-

839 2579 968 2638 cilie
997 2581 1330 2640 ineundam.
1360 2613 1450 2623 -—
1479 2581 1679 2652 „Sicut
1707 2598 1874 2640 nosse
1904 2583 2015 2639 te“.
2065 2581 2119 2639 C.
2155 2582 2236 2639 49
2269 2580 2367 2638 fol.
2405 2573 2535 2639 281³.
2887 2586 3018 2642 711

637 2683 724 2762 (η)
978 2729 1010 2758 ,,
1189 2687 1410 2765 Regine
1452 2687 1667 2765 Anglie
1710 2687 1946 2746 illustri.
1995 2687 2211 2746 Suadet
2257 2687 2330 2745 ad
2359 2705 2559 2763 pacem
2588 2705 2724 2747 cum
2752 2707 2894 2765 rege
2926 2688 3015 2748 Si-

835 2775 964 2833 cilie
994 2776 1325 2850 ineundam,
1357 2809 1447 2819 —
1477 2778 1678 2848 „Sicut
1708 2795 1874 2836 nosse
1904 2779 2016 2836 te“.
2067 2777 2123 2836 C.
2157 2778 2238 2835 49
2272 2776 2368 2835 sol.
2406 2777 2505 2835 29.
2893 2782 3018 2838 712

651 2913 741 2924 -
962 2915 1050 2924 —-
1182 2883 1328 2962 Regi
1356 2881 1710 2942 Francorum
1739 2883 1973 2943 illustri.
2020 2883 2257 2959 Expetit
2298 2883 2370 2943 ab
2401 2900 2468 2941 eo
2498 2885 2653 2941 terre
2683 2887 2879 2944 sancte
2910 2904 3015 2943 au-

835 2971 1056 3030 xilium.
1076 3005 1165 3014 —
1182 2974 1469 3047 „Devotos
1497 2973 1659 3050 regie
1689 2973 2065 3031 serenitatis“.
2114 2973 2151 3032 S
2170 2973 2294 3031 ine
2324 2973 2503 3031 nota
2532 2972 2687 3030 diei
2716 2976 2794 3032 et
2823 2992 3017 3033 men-

837 3061 959 3121 siS.
1006 3062 1062 3119 C.
1098 3062 1179 3121 49
1213 3082 1271 3138 p.
1307 3063 1405 3121 24.
2891 3067 3014 3124 713

651 3180 732 3192 --
959 3184 1048 3193 -—
1181 3153 1328 3230 Regi
1343 3153 1697 3211 Francorum
1713 3150 1947 3209 illustri.
1977 3149 2181 3227 Rogat,
2214 3152 2285 3209 ut
2316 3149 2444 3221 hiis,
2477 3168 2593 3226 que
2622 3169 2729 3227 per
2745 3151 3016 3211 abbatem

834 3241 1170 3299 monasterii
1193 3241 1511 3300 Casinensis
1530 3243 1591 3299 et
1605 3240 1819 3299 litteris
1845 3240 1900 3298 ei
1931 3239 2247 3299 salubriter
2276 3243 2691 3318 suggerentur,
2722 3259 2829 3316 pro
2858 3243 3012 3300 terre

835 3331 1029 3387 sancte
1059 3330 1315 3389 subsidio
1357 3348 1525 3388 aures
1567 3330 1852 3407 benignas
1882 3329 2169 3389 adhibeat.
2200 3361 2289 3372 —
2319 3329 2621 3400 „Latorem
2649 3331 3011 3405 presentium

835 3417 908 3475 ad
937 3421 1247 3477 nostram“.
1298 3421 1352 3479 C.
1392 3420 1473 3478 49
1508 3438 1563 3494 p.
1600 3412 1731 3478 24¹0.
2886 3425 3012 3481 '714

650 3538 734 3549 —
960 3541 1048 3549 ——
1181 3508 1327 3586 Regi
1343 3510 1697 3567 Francorum
1713 3498 1950 3567 illustri.
1995 3506 2200 3584 Rogat,
2233 3507 2511 3582 quatinus
2530 3507 2826 3568 Bernardo
2846 3508 3011 3568 Scoto

836 3598 897 3654 et
916 3594 1228 3656 Guillelmo
1259 3598 1329 3656 de
1355 3599 1583 3669 Vetula,
1615 3598 1839 3658 civibus
1870 3599 1930 3655 et
1959 3596 2375 3656 mercatoribus
2404 3597 2754 3657 Placentinis
2784 3615 2889 3657 seu
2918 3599 3010 3675 ip-

835 3704 1034 3744 sorum
1064 3689 1219 3745 certo
1249 3689 1475 3759 nuntio,
1505 3687 1719 3746 litteris
1749 3689 1809 3744 et
1837 3686 2227 3744 instrumento
2243 3685 2401 3763 regis
2417 3687 2663 3761 receptis
2682 3687 2753 3746 de
2779 3687 3008 3759 10,000

832 3776 1040 3834 marcis
1057 3796 1163 3852 pro
1185 3777 1566 3836 subventione
1584 3779 1740 3835 terre
1760 3778 1953 3834 sancte
1985 3775 2067 3833 eis
2097 3776 2192 3834 vel
2223 3794 2426 3834 eorum
2453 3776 2664 3834 nuntio
2694 3776 2758 3835 in
2788 3778 3010 3837 statuto

834 3865 1084 3925 termino
1114 3867 1434 3942 plenariam
1462 3866 1635 3924 faciat
1666 3864 2113 3924 satisfactionem
2141 3864 2415 3939 impendi.
2452 3896 2533 3906 —
2566 3865 2696 3935 „Ad
2724 3865 3008 3942 recipien-

835 3954 978 4012 dum
1007 3973 1113 4029 pro
1142 3959 1255 4014 te“.
1304 3957 1358 4014 C.
1395 3956 1475 4014 49
1511 3975 1565 4031 p.
1603 3948 1733 4013 241³.
2881 3961 3008 4017 715

646 4076 733 4089 —
959 4077 1047 4086 ——-
1179 4045 1324 4121 Regi
1367 4045 1557 4104 Sicilie
1593 4045 1828 4103 illustri.
1889 4044 2007 4102 Rex
2049 4042 2286 4100 Francie
2332 4043 2431 4100 25.
2478 4043 2641 4101 milia
2683 4062 3008 4104 marcarum

834 4135 1064 4210 argenti
1082 4154 1188 4211 pro
1209 4133 1465 4193 subsidio
1495 4137 1651 4193 terre
1681 4136 1875 4193 sancte
1907 4131 2225 4207 deputavit.
2274 4130 2598 4190 Committit
2624 4133 3007 4208 patriarcham

832 4224 872 4281 J
873 4224 1380 4283 erosolemitanum
1422 4225 1482 4281 et
1523 4225 1695 4300 rogat
1708 4266 1722 4294 ‚
1768 4225 1840 4281 ut
1882 4221 2262 4281 desideratam
2293 4220 2736 4281 subventionem
2768 4242 2874 4299 pro
2903 4242 3006 4284 ne-

835 4314 995 4389 gotio
1039 4315 1194 4372 terre
1238 4315 1431 4371 sancte
1474 4312 1728 4387 prebeat.
1763 4345 1849 4354 —-
1882 4310 2219 4383 „Carissimo
2263 4310 2328 4368 in
2359 4309 2583 4369 Christo
2613 4310 2787 4371 filio“.
2833 4313 2891 4372 O.
2924 4313 3003 4371 49

832 4401 927 4459 fol.
966 4403 1063 4460 25.
2881 4406 3006 4462 716
