3292 5100
1182 451 1634 501 GREGORIUS
1672 455 1728 501 X.
1785 455 1934 502 1272.
2723 459 2802 516 55

305 612 499 674 1272.

298 737 575 814 Sept.28.
622 738 837 815 Apud
868 738 1138 798 Urbem
1178 739 1535 801 veterem.
1582 740 1863 817 Mag-istro
1892 739 2237 816 Raymundo
2268 740 2339 799 de
2367 741 2637 818 Nogeriis
2667 742 2808 816 (MS.

623 827 927 905 Rog'eriis).
957 828 1219 888 Mittitur
1247 829 1499 888 nuncius
1529 831 1593 888 in
1610 829 1889 906 Angliam
1918 831 2159 905 propter
2196 830 2454 889 crucifixi
2483 831 2803 890 servitium.

622 950 710 961 —
740 918 934 990 „Bone
963 918 1291 976 memorie“.
1323 919 1460 977 IIII.
1493 918 1608 977 kal.
1641 919 1762 977 Oct.
1800 919 1881 977 32
1915 938 1972 994 p.
2010 919 2090 976 56
2123 919 2329 1001 A1‘0f·
2362 920 2465 980 Nr.
2502 921 2645 978 695.
2679 926 2809 981 692

343 1067 378 1096 ,,
474 1024 575 1083 30.
754 1066 789 1098 „
967 1024 1246 1102 Magistro
1276 1024 1607 1083 Lanfianco.
1655 1025 1922 1083 Habetur
1951 1043 2020 1083 ex
2050 1043 2133 1096 ea,
2166 1026 2325 1100 quod
2354 1026 2557 1085 civitas
2587 1026 2806 1104 Perga-

622 1114 837 1171 mensis
879 1132 1067 1189 usque
1113 1113 1186 1171 ad
1216 1113 1457 1173 ultimos
1488 1113 1610 1172 dies
1642 1113 1952 1172 Clementis
1982 1114 2099 1172 fuit
2127 1114 2452 1173 interdicta.
2488 1149 2572 1159 —-
2602 1115 2809 1188 „Lecta

620 1219 811 1261 coram
840 1202 1063 1262 nobis“.
1097 1204 1175 1263 H.
1205 1203 1319 1260 kal.
1352 1203 1474 1263 Oct.
1513 1202 1634 1262 141
1670 1223 1727 1279 p.
1763 1204 1845 1261 42
1877 1202 1947 1260 A.
1980 1202 2048 1262 cf.
2082 1204 2187 1262 Nr.
2224 1204 2370 1263 698.
2673 1209 2804 1265 693

344 1351 378 1380 ,,
475 1309 577 1368 30.
757 1353 793 1381 ,,
973 1310 1256 1385 Episcopo
1286 1310 1689 1368 wintoniensi.
1739 1310 1817 1368 Ut
1859 1309 2323 1369 subveniendum
2364 1312 2530 1369 curet
2558 1311 2807 1370 necessi-

618 1397 854 1470 tatibus,
869 1417 1017 1474 quas
1028 1401 1270 1474 propter
1282 1399 1539 1458 crucifixi
1558 1398 1863 1459 servitium
1878 1399 2255 1457 incurrerunt
2261 1398 2570 1458 Eduardus
2582 1400 2802 1476 primo-

620 1487 862 1564 genitus
890 1489 1048 1565 regis
1065 1488 1280 1565 Anglie
1300 1490 1360 1546 et
1377 1488 1759 1547 Eadmundus
1789 1487 1842 1562 ej
1849 1506 1921 1546 us
1953 1506 2286 1565 germanus,
2305 1521 2395 1530 —
2413 1489 2621 1565 „Cogit
2648 1494 2805 1549 nos“.

618 1577 694 1636 H.
725 1577 838 1635 kal.
872 1577 991 1636 Oct.
1031 1578 1111 1635 29
1145 1597 1202 1653 p.
1241 1578 1320 1635 56
1352 1577 1423 1661 A¹
1443 1621 1456 1635 .
1577 1578 1653 1635 In
1680 1596 1728 1636 e.
1760 1597 1837 1634 m.
1871 1577 2001 1635 aliis
2031 1577 2491 1653 archiepiscopis,
2671 1583 2805 1639 694

293 1681 462 1759 (post
479 1684 661 1762 Sept.)
757 1727 789 1756 η
968 1684 1298 1743 Patriarche
1345 1684 1386 1742 J
1386 1684 1852 1760 erosolymitanO.
1929 1683 2305 1742 Commandat
2353 1683 2674 1743 Oliverium
2733 1684 2805 1743 de

618 1774 902 1834 Termulis
915 1773 1181 1845 militem,
1196 1774 1368 1849 cujus
1386 1774 1722 1850 passagium
1739 1772 2091 1848 impeditum
2109 1773 2204 1832 vel
2222 1772 2429 1831 saltem
2444 1773 2808 1832 retardatum

617 1863 691 1922 ad
719 1881 956 1939 presens
985 1863 1063 1921 sit
1093 1860 1156 1921 et
1185 1862 1406 1932 suadet,
1438 1864 1510 1921 ut
1538 1881 1679 1920 eum
1709 1862 2101 1938 stipendiariis
2131 1863 2500 1938 capitaneum
2527 1861 2803 1937 preficiat,

617 1953 732 2012 nisi
774 1953 969 2011 forsan
1009 1951 1156 2010 inibi
1199 1951 1459 2026 aliquam
1510 1969 1817 2027 personam
1847 1953 2176 2026 presentem
2206 1950 2327 2010 fore
2358 1951 2686 2028 contigerit.
2718 1983 2808 1993 -—

622 2041 817 2115 „Licet
846 2060 915 2100 ex
944 2041 1316 2100 1111εῆ349
1351 2039 1449 2098 fol.
1487 2042 1588 2100 92.
2671 2044 2802 2101 695

388 2146 477 2230 (,,)
956 2147 1205 2208 Oliverio
1220 2147 1291 2206 de
1301 2147 1609 2206 Termullis
1621 2146 1814 2206 militi.
1827 2146 2141 2205 Certiorem
2149 2145 2287 2205 facit
2297 2165 2433 2206 eum
2445 2165 2551 2223 per
2562 2147 2807 2206 nuncios

615 2239 677 2296 et
704 2237 946 2308 litteras
979 2236 1124 2312 quid
1167 2237 1238 2295 de
1282 2237 1551 2313 passagio
1582 2237 1642 2295 et
1673 2236 1743 2295 de
1775 2235 2032 2295 subsidio
2062 2235 2322 2296 faciendo
2352 2235 2543 2295 eidem
2572 2235 2804 2294 ordina-

621 2327 788 2386 verit.
825 2359 907 2370 -
941 2326 1184 2402 „Nuper
1212 2325 1376 2385 tibi“.
1424 2325 1738 2385 Ibidem.
2672 2330 2804 2385 696

292 2434 417 2494 Oct.
473 2434 504 2493 1
518 2433 569 2493 1.
751 2475 785 2504 ‚,
962 2432 1154 2492 Fratri
1172 2432 1423 2492 Roberto
1442 2431 1661 2491 ordinis
1680 2430 2128 2490 Predicatorum.
2162 2431 2591 2491 cantuariensis
2611 2432 2802 2494 archi-

618 2522 922 2599 episcopus
966 2521 1361 2582 constituitur.
1397 2557 1477 2566 —
1513 2523 1622 2596 „In
1667 2526 1988 2598 supreme“.
2039 2521 2108 2583 V.
2138 2520 2222 2580 id..
2247 2519 2369 2581 Oct.
2392 2519 2485 2592 '67
2521 2541 2578 2598 p.
2616 2523 2698 2581 22
2732 2521 2802 2581 A.

614 2614 687 2673 In
717 2630 768 2673 e.
801 2633 879 2673 m.
910 2613 1080 2671 clero.
2671 2616 2801 2672 697

337 2763 372 2793 ,.
469 2718 506 2778 2
514 2720 569 2780 0.
676 2731 685 2744 ⁴
749 2761 784 2791 ‚,
963 2718 1246 2795 Episcopo
1261 2719 1321 2778 et
1334 2718 1590 2794 capitulo
1599 2718 2098 2795 Bergamensium.
2115 2718 2324 2777 Contra
2337 2719 2683 2794 potestatem
2696 2720 2803 2777 etc.

618 2809 1097 2886 Pergamensium
1149 2826 1247 2868 eos
1292 2807 1571 2867 indebitis
1618 2808 2014 2867 exactionibus
2035 2809 2495 2886 ,pregravantes
2545 2841 2631 2853 --
2676 2807 2805 2880 „Ad

613 2897 1021 2958 audientiam“.
1070 2898 1228 2957 XIII.
1274 2897 1388 2957 kal.
1435 2898 1492 2956 N
1493 2915 1581 2957 ov.
1635 2898 1758 2956 143
1808 2917 1866 2973 p.
1900 2898 1982 2956 43
2014 2898 2084 2957 A.
2218 2898 2354 2957 Alia
2394 2897 2705 2974 privilegia
2748 2897 2804 2955 ei

621 2987 1019 3048 conceduntur
1048 3005 1179 3063 epp.
1218 2987 1362 3058 147,
1402 2987 1544 3058 150,
1583 2986 1728 3060 151,
1768 2986 1911 3046 155.
2671 2991 2802 3046 698

336 3138 376 3170 ,,
470 3096 569 3155 23.
749 3138 783 3169 ,,
960 3093 1108 3170 Regi
1155 3094 1413 3153 Castelle.
1460 3094 1540 3152 Ut
1583 3093 1900 3170 diligenter
1946 3094 2265 3166 examinet,
2310 3112 2458 3151 num
2493 3092 2806 3152 confratria

616 3183 893 3260 quedam,
942 3201 1134 3260 nuper
1176 3183 1241 3242 in
1284 3182 1553 3260 partibus
1581 3182 1861 3258 Hispanie
1903 3184 2128 3253 exorta,
2161 3182 2238 3241 sit
2266 3181 2656 3240 confirmanda
2669 3224 2684 3253 ,
2730 3183 2804 3240 ut

613 3272 866 3350 petebat.
896 3306 985 3315 —
1014 3271 1279 3343 „Grande
1309 3272 1515 3331 salutis
1545 3277 1744 3348 opus⁴‘.
1776 3271 1842 3329 X.
1874 3271 1990 3331 kal.
2020 3271 2168 3330 Nov.
2201 3272 2282 3330 43
2313 3290 2373 3347 p.
2412 3271 2629 3355 62-A‚.
2663 3275 2797 3331 699

338 3424 375 3455 ,,
472 3382 574 3441 24.
753 3422 790 3451 ,,
969 3380 1034 3440 P.
1099 3380 1200 3451 20,
1207 3379 1380 3439 631;
1441 3379 1573 3439 Dat.
1640 3381 1713 3437 ut
1772 3396 1949 3454 supra
2017 3377 2201 3450 (VIII.
2277 3377 2392 3436 kal.
2459 3378 2633 3456 Nov.)
2717 3378 2797 3436 39

615 3489 672 3545 p.
709 3469 789 3528 61
2669 3472 2803 3527 700

338 3621 374 3649 „
471 3578 572 3637 25.
750 3618 785 3647 ,,
826 3468 933 3553 A?
964 3575 1026 3633 P.
1051 3574 1151 3647 20,
1160 3574 1303 3633 645.
1352 3574 1532 3633 Sine
1563 3575 1789 3651 signo
1819 3573 2211 3650 temporis,
2241 3572 2371 3631 Dat.
2404 3572 2800 3649 apudUrbem

613 3666 872 3725 veterem
901 3663 1062 3726 VIII.
1091 3655 1208 3723 kal.
1238 3665 1384 3724 Nov.
1423 3663 1503 3723 88
1537 3683 1594 3740 p.
1631 3664 1712 3723 28
1746 3664 1814 3722 A.
2669 3668 2798 3723 ¹701

337 3817 373 3846 ‚‚
468 3774 567 3832 25.
748 3815 781 3844 ,,
963 3771 1354 3849 Suffraganeis
1383 3771 1847 3831 Treverensibus.
1878 3770 1965 3829 De
1994 3770 2209 3829 eodem.
2247 3769 2327 3828 89
2360 3788 2417 3845 p.
2454 3769 2535 3827 30
2567 3768 2638 3828 A.
2669 3773 2799 3830 702

324 3880 389 3954 (η
479 3882 592 3959 -)
714 3875 804 3960 (n)
954 3880 1019 3939 P.
1053 3878 1318 3951 20,637:
1352 3866 1692 3954 capitaneis,
1725 3877 2020 3937 communi
2049 3877 2110 3935 et
2139 3876 2378 3935 consilio
2396 3877 2436 3936 J
2436 3875 2798 3935 anuensium.

620 3969 693 4028 In
724 3988 772 4028 e.
804 3988 880 4026 m.
914 3967 1066 4041 duci,
1096 3968 1407 4040 communi,
1439 3967 1678 4026 consilio
1709 3969 2082 4029 Venetorum.
2116 3967 2156 4024 C
2189 3966 2270 4024 49
2304 3965 2402 4024 fol.
2436 3965 2538 4024 90.
2662 3969 2792 4025 703

293 4095 447 4153 Nov.
474 4093 570 4153 12.
750 4135 784 4165 ,,
964 4092 1110 4168 Regi
1141 4091 1332 4150 Sicilie
1375 4091 1611 4150 illustri.
1659 4091 1753 4151 Ad
1796 4091 2112 4150 faciliorem
2156 4106 2489 4167 processum
2516 4090 2799 4148 tractatus

614 4180 946 4240 concordiae
963 4181 1120 4239 inter
1137 4182 1370 4258 reginas
1377 4180 1614 4239 Francie
1634 4184 1696 4240 et
1702 4181 1935 4258 Anglie‚
1962 4180 2447 4240 silvanectensem
2463 4179 2798 4260 episcopum

619 4272 679 4330 et
708 4270 980 4330 abbatem
1009 4288 1054 4330 3.
1072 4270 1320 4329 1)13111311
1347 4270 1413 4328 111
1428 4270 1685 4341 Francia,
1718 4288 1864 4347 quos
1894 4272 2194 4345 tamquam
2223 4268 2460 4327 devotos
2489 4268 2800 4344 utriusque

620 4361 803 4436 partis
833 4359 1044 4419 amicos
1075 4359 1284 4430 credit,
1332 4358 1679 4419 mediatores
1722 4361 1783 4418 et
1810 4360 2107 4418 ministros
2136 4358 2419 4418 tractatus
2447 4356 2633 4432 ipsius
2663 4375 2799 4416 cum

622 4448 806 4508 nobili
825 4449 951 4509 viro
967 4450 1032 4507 P.
1052 4448 1124 4507 de
1141 4449 1305 4507 Bello
1335 4449 1532 4507 monte
1563 4448 1773 4507 comite
1804 4450 1865 4507 et
1894 4447 2243 4523 quibusdam
2267 4447 2399 4505 ¹aliis
2416 4445 2799 4505 familiaribus
