3292 5100
498 466 658 547 VIII

676 658 732 721 4.
781 655 1082 741 Ejusdem
1126 654 1389 741 registri
1431 656 1643 718 tomus
1690 654 1757 732 L,
1804 674 2012 717 annus
2061 652 2186 730 IV„
2252 646 2363 734 qui
2408 644 2638 735 incipit
2683 643 2764 713 ab
2819 664 2991 713 anno

498 781 740 848 domini
790 783 977 846 1268.
1026 776 1195 868 (ΑΒ.)
1260 779 1563 844 Continet
1607 778 1803 843 etiam
1849 776 1985 841 Lib.
2017 776 2123 844 IV.
2170 775 2292 840 litt.
2322 774 2652 839 curialium
2698 771 2987 857 ejusdem

499 906 674 973 anni.
725 903 899 994 (A7.)

676 1033 733 1096 5.
781 1031 1150 1116 Registrum
1180 1030 1468 1095 continet
1497 1030 1745 1095 litteras
1797 1028 1878 1094 ad
1919 1049 2142 1093 omnes
2183 1028 2456 1111 quatuor
2506 1023 2852 1090 Clementis
2883 1025 2993 1091 IV.

499 1156 910 1243 pontificatus
956 1178 1161 1220 annos
1208 1157 1585 1240 spectantes,
1619 1153 1751 1243 (B.)
1818 1152 2122 1218 Continet
2153 1151 2349 1217 etiam
2378 1151 2628 1216 litteras
2661 1152 2989 1236 separatas

499 1281 765 1348 curiales
812 1280 971 1346 anni
1017 1281 1228 1366 quarti
1274 1281 1424 1370 (B1)
1473 1284 1539 1346 et
1583 1280 1893 1365 temporis
1951 1277 2133 1358 „sede
2180 1279 2510 1344 vacante“.
2559 1275 2723 1364 (B2.)

679 1406 738 1472 6.
789 1406 969 1471 Alius
1000 1405 1211 1487 codex,
1230 1406 1302 1470 in
1334 1428 1458 1490 quo
1490 1406 1848 1491 complures
1882 1404 2005 1470 alie
2038 1402 2383 1468 Clementis
2415 1402 2627 1467 littere
2661 1398 2741 1465 ad
2774 1420 2995 1466 omnes

503 1533 775 1620 quatuor
821 1530 958 1617 ejus
1005 1531 1412 1618 pontificatus
1461 1552 1666 1598 annos
1713 1534 2077 1618 spectantes
2124 1529 2537 1595 continentur
2584 1523 2705 1614 (C.)

1227 1773 1305 1856 lv,
1349 1776 1517 1871 Soio
1561 1781 1875 1858 vacante
1920 1780 2267 1856 {mn-1271.

685 2009 1055 2105 Registruni
1089 2016 1436 2082 Clementis
1469 2019 1574 2087 IV.
1606 2017 1967 2084 litterarum
1998 2017 2331 2083 curialium
2364 2016 2522 2081 anni
2553 2015 2782 2100 quarti.
2831 2012 2994 2102 (Βῖ.)

1264 2255 1317 2343 V.
1360 2259 1754 2357 Gregorius
1797 2257 1856 2344 X.
1901 2266 2249 2342 1272-1276.

690 2498 744 2572 1.
790 2492 1072 2591 Registri
1132 2507 1340 2569 tomus
1400 2504 1466 2583 Ι.,
1529 2527 1739 2569 annus
1785 2504 1850 2583 Ι.,
1922 2505 2034 2589 qui
2094 2503 2321 2590 incipit
2380 2502 2461 2568 ab
2521 2523 2693 2569 anno
2755 2495 2999 2565 domini

515 2624 701 2697 1272.
748 2628 879 2716 (A.)
944 2627 1248 2695 Continet
1290 2629 1541 2695 litteras
1586 2631 1855 2695 curiales
1903 2630 2189 2714 ejusdem
2236 2630 2410 2698 anni.
2459 2628 2628 2717 (A1.)

688 2757 746 2820 2.
792 2755 1162 2840 Registrum
1209 2755 1379 2820 aliud
1427 2757 1585 2820 anni
1630 2758 1679 2821 Ι.
1726 2757 1796 2821 111
1844 2756 2066 2821 eodem
2111 2758 2303 2821 tom0.
2352 2754 2521 2844 (A2.)

689 2883 747 2945 3.
793 2880 1095 2963 Ejusdem
1140 2879 1400 2965 registri
1444 2889 1655 2946 tomus
1699 2883 1767 2959 Ἰ.,
1817 2906 2024 2947 annus
2072 2885 2169 2962 11.‚
2233 2882 2344 2967 qui
2401 2881 2634 2965 incipit
2696 2879 2777 2944 ab
2834 2900 3007 2943 anno

511 3006 755 3071 domini
782 3007 966 3069 1273.
1001 3003 1166 3093 (A3.)
1204 3005 1509 3070 Continet
1539 3007 1736 3071 etiam
1767 3009 2014 3073 litteras
2046 2989 2309 3073 curiales
2332 3007 2616 3091 ejusdem
2637 3005 2811 3071 anni.
2833 3002 3005 3093 (A4.)

691 3133 749 3197 4.
796 3123 1098 3216 Ejusdem
1143 3131 1405 3217 registri
1453 3134 1663 3197 tomus
1710 3135 1776 3211 Ι.,
1824 3157 2034 3199 annus
2082 3136 2214 3213 111„
2276 3134 2387 3219 qui
2432 3133 2663 3218 incipit
2710 3131 2790 3196 ab
2838 3153 3009 3195 anno

514 3247 757 3322 domini
785 3257 967 3321 1274.
993 3254 1160 3344 (A5.)
1213 3255 1515 3322 Continet
1545 3258 1743 3322 etiam
1773 3258 2023 3324 litteras
2055 3261 2319 3326 curiales
2341 3259 2625 3343 ejusdem
2644 3257 2822 3323 anni.
2843 3255 3011 3347 (ΑΒ.)

693 3364 752 3427 5.
798 3362 1099 3445 Ejusdem
1145 3364 1406 3449 registri
1451 3366 1663 3430 tomus
1710 3366 1777 3445 Ι.,
1825 3389 2033 3432 annus
2080 3368 2180 3447 11„
2251 3368 2362 3453 qui
2421 3366 2646 3451 incipit
2706 3366 2786 3429 ab
2841 3384 3013 3434 anno

516 3485 760 3555 domini
786 3489 971 3553 1275.
997 3486 1167 3577 (Αἵ.)
1220 3487 1524 3555 Continet
1555 3464 1754 3557 etiam
1781 3492 2031 3559 litteras
2050 3493 2317 3559 curiales
2341 3492 2626 3577 ejusdem
2646 3489 2819 3555 anni.
2844 3488 3011 3579 (Ag.)

1330 3737 1411 3814 u.
1458 3739 1931 3817 Innocentius
1975 3742 2029 3816 V.
2072 3742 2211 3818 1276.

695 3985 1108 4053 Desideratur
1151 3980 1516 4067 registrum.
1580 3977 1675 4043 Cf.
1728 3977 1792 4043 O.
1838 3980 1941 4044 49.

1350 4208 1455 4286 vll.
1499 4207 1917 4286 Hadrianus
1960 4210 2015 4285 V.
2058 4208 2197 4285 1276.

702 4447 1116 4519 Desideratur
1161 4450 1522 4536 registrum.
1586 4445 1679 4511 Cf.
1730 4445 1888 4533 Reg.
1935 4444 2201 4512 Martini
2245 4442 2355 4513 IV.
2400 4445 2575 4511 Tom.
2622 4443 2672 4512 I.
2721 4464 2933 4509 annus
2972 4438 3022 4508 I.
