3292 5100
445 412 571 476 122

438 572 662 648 lorum,
710 570 1004 636 invocato
1053 570 1133 635 ad
1175 570 1294 634 1100
1342 570 1553 648 etiam,
1601 570 1657 634 si
1703 590 1965 634 necesse
2012 569 2223 644 fuerit,
2270 568 2515 633 brachii
2562 567 2799 632 auxilio
2846 588 2951 630 se-

438 661 685 725 01116118.
777 661 927 725 Νο11
974 661 1271 725 obstante
1319 661 1375 725 si
1422 660 1741 744 aliquibus
1791 682 1829 723 a
1875 658 2023 723 sede
2073 658 2422 742 apostolica
2470 659 2569 722 est
2606 656 2950 734 indultum,

441 749 610 833 quod
655 749 966 827 interdici,
1015 749 1324 834 suspendi
1372 752 1438 813 et
1484 748 2016 812 excommunicari
2062 769 2175 812 seu
2238 750 2407 811 terre
2455 750 2746 831 ipsorum
2792 767 2948 829 sup-

437 839 595 923 poni
641 839 1061 904 ecclesiastico
1107 839 1446 903 interdicto
1494 859 1621 901 non
1660 838 1911 922 possint
1948 859 2066 921 per
2097 836 2347 900 litteras
2381 836 2780 921 apostolicas,
2814 855 2949 898 11011

435 929 744 993 facientes
803 929 1067 1012 plenam
1131 931 1196 990 et
1255 950 1623 1012 expressam
1686 926 1762 990 de
1819 926 2070 991 indulto
2117 926 2485 1009 hujusmodi
2529 925 2948 1000 mentionem,

437 1019 632 1082 nullis
679 1018 911 1082 litteris
958 1018 1214 1081 veritati
1274 1020 1340 1081 et
1390 1017 1640 1100 justitie
1705 1015 2253 1100 prejudicantibus
2301 1038 2339 1079 a
2385 1015 2533 1079 sede
2590 1013 2950 1098 apostolica

435 1106 798 1191 impetratis
861 1107 966 1171 vel
1028 1107 1221 1170 etiam
1286 1107 1730 1190 impetrandis.
1822 1106 2061 1169 Datum
2130 1103 2462 1189 Anagnie,
2527 1105 2609 1169 ΙΙ.
2657 1104 2741 1167 id.
2789 1102 2950 1168 Julii

437 1218 609 1261 anno
663 1199 695 1260 1
710 1197 754 1260 ⁰.

1667 1323 1724 1384 3.

612 1466 981 1531 Alexander
1008 1468 1132 1533 IV.
1166 1468 1435 1530 mandat
1463 1467 1715 1542 decano,
1746 1465 2025 1548 capitulo
2058 1473 2117 1527 et
2144 1465 2373 1528 diocesi
2390 1463 2947 1537 Halberstadensi‚

433 1583 510 1637 ut
566 1574 847 1638 Volrado
897 1574 1078 1638 electo
1122 1573 1657 1638 Halberstademi
1704 1573 2009 1638 obediant.
2060 1573 2139 1656 of.
2188 1571 2304 1634 Nr.
2352 1574 2456 1635 37.
2532 1570 2945 1653 Amyme,

433 1679 647 1745 1255
692 1682 872 1747 Jul.
921 1682 1052 1746 14.

798 1822 1120 1885 .Decano
1181 1826 1246 1885 et
1305 1821 1586 1905 capitulo
1632 1819 2164 1885 Halberstadensi
2223 1840 2343 1882 nec
2398 1840 2535 1881 non
2585 1818 2945 1893 abbatibuS,

434 1872 782 2012 prioribus
843 1911 1139 1995 prelatis,
1201 1911 1523 1974 canonicis
1584 1912 1650 1973 et
1704 1910 1943 1973 clericis
2006 1909 2322 1974 universis
2370 1909 2646 1971 civitatis
2696 1910 2761 1970 et
2806 1906 2945 1970 dio-

433 2000 593 2065 cesis
640 2000 1219 2064 Halberstadensis.
1312 2000 1599 2064 Dilectus
1661 1999 1830 2063 filius
1892 1998 2206 2065 Volradus
2268 1998 2505 2061 electus
2566 1997 2943 2061 Halbersta-

431 2090 647 2154 densis
695 2111 811 2153 sua
856 2089 1041 2154 nobis
1090 2091 1404 2173 petitione
1452 2089 1773 2165 monebat,
1823 2088 1991 2170 quod
2011 2137 2025 2164 ,
2074 2110 2215 2150 cum
2266 2087 2507 2150 dudum
2552 2087 2623 2149 in
2670 2086 2943 2149 Halber-

430 2179 717 2243 stadensi
764 2179 1026 2242 60016816
1070 2179 1192 2242 due
1238 2179 1515 2242 fuissent
1560 2178 1920 2254 electioneS‚
1968 2177 2262 2241 videlicet
2294 2176 2371 2239 de
2403 2177 2565 2258 ipso,
2610 2178 2767 2238 tunc
2798 2195 2937 2237 sco-

429 2269 669 2345 lasticO,
718 2270 785 2331 et
829 2268 906 2331 de
952 2266 1228 2331 Ludulfo
1276 2268 1353 2331 de
1399 2265 1652 2345 Sladen,
1699 2267 2007 2330 canonico
2046 2266 2249 2350 ipsius
2297 2266 2555 2329 ecclesie
2602 2264 2935 2341 celebrate,

432 2379 628 2442 quare
689 2357 890 2421 felicis
953 2356 1410 2421 recordationis
1475 2356 1950 2441 I(nnocentius)
2001 2378 2190 2438 papa,
2248 2354 2655 2439 predecessor
2699 2356 2934 2429 noster,

432 2447 950 2532 procuratoribus
997 2447 1306 2529 partium,
1358 2447 1623 2529 propter
1677 2445 1795 2508 hoc
1852 2445 1923 2507 in
1986 2445 2123 2529 ejus
2184 2444 2513 2528 presentia
2571 2443 2936 2506 constitutis

430 2540 497 2602 et
544 2535 794 2614 auditis,
842 2557 965 2621 que
1013 2535 1191 2599 fuere
1238 2535 1389 2599 hinc
1433 2534 1582 2599 inde
1631 2534 1962 2619 proposita
2008 2557 2221 2598 coram
2266 2535 2409 2618 ipso
2430 2583 2444 2612 ,
2507 2533 2759 2597 invenit
2806 2532 2934 2596 616-

425 2627 702 2691 ctionem
748 2625 825 2689 de
872 2626 1124 2709 prefato
1156 2625 1244 2702 L„
1292 2625 1402 2709 qui
1444 2624 1853 2708 postmodum
1886 2647 1925 2687 a
1955 2625 2308 2688 venerabili
2338 2624 2539 2687 fratre
2571 2625 2793 2686 nostro
2826 2673 2838 2686 .
2872 2673 2886 2685 .
2918 2674 2933 2687 .

425 2715 901 2798 archiepiscopo
948 2714 1335 2799 Maguntino
1383 2715 1503 2777 loci
1561 2714 2061 2797 metropolitano
2123 2736 2356 2776 munus
2419 2713 2539 2777 sibi
2598 2712 2934 2775 confirma-

423 2805 620 2869 tionis
668 2806 734 2867 et
777 2804 1270 2867 consecrationis
1316 2803 1608 2886 impendi
1656 2803 2054 2881 obtinuerat,
2112 2804 2340 2885 utpote
2390 2802 2594 2866 adhuc
2640 2823 2775 2865 non
2822 2824 2935 2865 va-

424 2896 612 2958 cante
676 2893 843 2957 dicta
908 2893 1168 2957 ecclesia
1234 2893 1372 2955 fore
1448 2895 1894 2975 presumptam
1961 2891 2186 2955 amodo
2250 2891 2574 2975 quondam
2635 2891 2933 2973 episcopo

423 2982 949 3047 Halberstadensi
995 2981 1281 3046 nondum
1328 2982 1663 3045 obtinente
1712 2982 1976 3044 cedendi
2021 2981 2350 3045 licentiam
2397 2981 2545 3044 licet
2591 3001 2733 3042 eam
2792 3002 2933 3042 cum

423 3072 739 3138 instantia
785 3071 1175 3155 postulasset
1221 3095 1258 3135 a
1304 3071 1532 3134 dilecto
1578 3070 1737 3134 filio
1758 3073 1980 3134 nostro
2027 3071 2134 3147 H.,
2197 3070 2371 3133 tituli
2432 3071 2651 3133 sancte
2700 3067 2932 3133 Sabine

424 3163 798 3248 presbytero
845 3160 1183 3237 cardinali,
1241 3163 1397 3223 tunc
1456 3160 1525 3223 in
1591 3159 1884 3242 partibus
1935 3160 2321 3224 Alamannie
2370 3158 2716 3242 apostolice
2765 3157 2932 3222 sedis

422 3252 657 3336 legate,
705 3253 971 3334 propter
1017 3250 1387 3351 generalem
1436 3250 1631 3313 etiam
1677 3249 2150 3325 inhibitionem,
2201 3249 2331 3313 ab
2313 3270 2457 3332 1pso
2489 3249 2708 3331 legato
2742 3247 2931 3311 emis-

423 3363 577 3418 sam,
622 3341 697 3402 ut
740 3339 921 3402 nulla
967 3339 1189 3403 electio
1233 3340 1305 3402 in
1351 3361 1557 3423 regno
1592 3338 1931 3402 Alamanie
1978 3339 2178 3414 fieret,
2228 3339 2365 3421 ejus
2415 3337 2789 3420 irrequisito
2830 3359 2932 3401 68-

421 3451 633 3505 8611811,
680 3450 876 3511 super
923 3429 1153 3512 quibus
1199 3428 1405 3492 dictus
1424 3393 1795 3491 ”cardinalis
1860 3428 1939 3491 ab
2001 3427 2224 3498 eodem
2286 3426 2735 3510 predecessore
2784 3448 2933 3509 spe-

419 3520 576 3584 ciale
605 3518 983 3581 mandatum
1028 3518 1326 3594 habebat,
1377 3517 1792 3581 denunciavit
1839 3518 2217 3581 electionem
2265 3515 2640 3597 hujusmodi
2672 3516 2933 3599 penitus

419 3609 672 3674 irritam
720 3608 786 3669 et
833 3607 1211 3671 electionem
1258 3610 1485 3690 postea
1531 3606 1608 3670 de
1660 3609 1804 3690 ipso
1853 3606 2131 3672 Volrado
2192 3604 2579 3668 celebratam
2625 3605 2935 3668 canonice

420 3698 497 3762 de
556 3699 830 3761 fratrum
891 3718 1151 3760 suorum
1212 3696 1476 3760 consilio
1535 3695 1954 3759 confirmavit.
2049 3698 2290 3761 Verum
2352 3696 2466 3756 etc
2533 3715 2736 3777 usque
2784 3715 2936 3776 pro-

417 3789 710 3873 mulgata
769 3786 1039 3849 ubilibet
1097 3785 1403 3849 canonica
1463 3785 1836 3848 monitione.
1929 3785 2123 3847 Polro
2184 3783 2355 3845 idem
2415 3783 2520 3860 L.‚
2568 3782 2938 3865 hujusmodi

419 3876 775 3942 sententias
838 3875 1338 3958 dampnabiliter
1399 3874 1807 3957 vilipendens
1870 3876 1937 3936 et
1995 3871 2512 3936 maledictionem
2571 3872 2802 3936 bibens
2867 3875 2940 3935 ut

420 3988 672 4052 aquam,
720 3964 955 4028 divinis
1003 3965 1226 4028 officiis
1272 3966 1514 4027 temere
1562 3984 1629 4025 se
1677 3963 1992 4026 immiscet
2037 3963 2107 4026 in
2159 3961 2372 4025 anime
2422 3984 2533 4025 sue
2565 3962 2939 4045 periculum,

416 4056 620 4141 ipsius
698 4053 882 4118 electi
958 4053 1380 4138 prejudicium
1457 4055 1522 4116 et
1587 4052 2004 4116 ecclesiastice
2070 4051 2408 4134 discipline
2475 4053 2940 4134 contemptum.

422 4145 728 4226 Quocirca
774 4143 1184 4207 universitati
1244 4143 1455 4206 vestre
1503 4163 1621 4225 per
1669 4142 2040 4224 apostolica
2067 4139 2305 4223 scripta
2366 4141 2435 4204 in
2497 4141 2735 4204 virtute
2784 4140 2940 4204 obe-

418 4235 660 4299 dientie
709 4232 994 4296 districte
1043 4230 1458 4317 precipiendo
1506 4230 1919 4308 mandamus,
1984 4233 2303 4314 quatenus
2353 4229 2641 4294 universi
2688 4231 2754 4292 et
2800 4230 2940 4293 sin-

417 4323 557 4409 guli
604 4322 812 4387 eidem
859 4322 1075 4399 electO,
1122 4324 1436 4404 tanquam
1483 4320 1656 4403 patri
1703 4322 1769 4384 et
1824 4320 2071 4403 pastori
2134 4319 2497 4382 animarum
2558 4321 2939 4395 vestrarum,

413 4412 833 4500 intendentes
883 4415 948 4475 et
993 4409 1364 4477 obedientes
1411 4408 1739 4475 humiliter
1787 4413 1851 4472 et
1912 4409 2138 4472 devote
2199 4408 2322 4472 sibi
2384 4410 2607 4471 contra
2667 4407 2824 4471 dicti
2870 4407 2941 4472 L.
