3292 5100
1199 443 1551 495 chrunus
1599 445 1679 495 w.
1737 444 1891 500 1266.
2705 440 2784 503 43

304 602 494 664 1266.

613 713 687 772 ad
728 714 961 772 ecclesie
1002 713 1340 774 fidelitatem
1381 714 1713 788 redierunt,
1759 715 2020 775 mittitur
2048 718 2115 789 is,
2159 716 2233 774 ut
2259 733 2358 774 eos
2386 714 2667 774 absolvat.
2703 745 2787 759 --

613 802 762 874 „Qui
790 802 962 862 corda
989 802 1304 864 fidelium“.
1333 804 1411 864 id.
1440 806 1583 881 Apr.
1616 806 1657 864 4
1688 824 1744 881 p.
1783 804 1904 864 118
1937 805 2044 889 A5.
2656 809 2785 864 528

284 905 434 981 Apr.
480 907 582 970 30.
626 909 984 970 Vitcrbii.
1029 909 1094 970 Ο.
1123 911 1307 970 sancti
1334 911 1577 970 Adriani
1602 911 1746 971 diac.
1777 911 1925 970 card.
1959 913 2142 986 apost.
2171 911 2288 971 sed.
2316 910 2530 987 legato,
2575 911 2655 969 Ut
2682 928 2785 986 pe·

613 1001 928 1074 remptorie
958 1000 1099 1058 citet
1125 999 1435 1060 Ricardum
1462 1000 1527 1059 in
1553 1019 1756 1077 regem
1772 1001 2165 1060 Romanorum
2195 1001 2460 1070 electum,
2491 1000 2563 1059 ut
2590 1017 2696 1075 per
2725 1017 2786 1059 se

613 1087 708 1147 vel
737 1106 843 1163 per
870 1090 1305 1164 procuratorem
1343 1092 1670 1166 compareat
1700 1107 1892 1149 coram
1920 1109 2071 1166 papa
2100 1108 2207 1165 pro
2251 1088 2579 1165 recipienda
2621 1088 2783 1148 finali

610 1177 899 1236 sententia
916 1179 982 1236 in
999 1178 1237 1255 negotio
1256 1179 1488 1255 imperii
1500 1179 1657 1237 inter
1670 1180 1865 1255 ipsum
1884 1180 1946 1237 et
1956 1180 2025 1237 A.
2040 1197 2241 1256 regem
2254 1177 2512 1250 CasteHe,
2532 1196 2785 1253 quorum

612 1267 862 1342 uterque
897 1266 1002 1340 J‘us
1047 1267 1160 1326 sibi
1200 1286 1307 1342 per
1348 1268 1657 1327 electiones
1695 1268 1766 1326 de
1797 1286 1857 1326 se
1886 1267 2063 1327 factas
2093 1270 2157 1326 in
2183 1268 2428 1343 imperio
2458 1267 2785 1327 vendicant.

610 1388 698 1399 —
728 1356 837 1427 „In
864 1357 1104 1433 negotio
1132 1357 1420 1432 imperii“.
1448 1358 1526 1417 Π.
1555 1357 1672 1416 kal.
1702 1357 1859 1432 Maji.
1898 1358 1932 1415 5
1964 1377 2023 1432 p.
2061 1356 2182 1416 118
2214 1357 2320 1440 Aa.
2653 1360 2783 1415 529

285 1441 436 1519 Maji
479 1442 578 1505 15.
756 1487 789 1517 „
841 1485 846 1490 -
969 1445 1168 1505 Carolo
1196 1446 1326 1522 regi
1356 1446 1564 1505 Sicilie.
1593 1445 1760 1516 Quod
1788 1446 2095 1522 negotium
2123 1446 2292 1523 regni
2322 1445 2512 1504 Sicilie
2539 1444 2786 1502 feliciter

606 1536 695 1593 est
723 1536 1146 1595 consumatum.
1166 1568 1247 1580 —
1281 1536 1390 1607 „In
1418 1534 1899 1595 conditionibus&
1928 1535 2006 1595 id.
2025 1535 2182 1612 Maji.
2206 1535 2242 1592 6
2274 1553 2331 1610 p.
2357 1533 2479 1592 118
2499 1533 2606 1618 Ag.
2653 1537 2785 1594 530

340 1662 377 1692 ,,
478 1621 576 1683 15.
753 1623 1169 1697 „Eidem
1198 1624 1416 1684 Carolo.
1445 1624 1611 1695 Quod
1654 1625 1779 1700 ipse
1821 1624 2162 1701 homagium
2201 1623 2459 1699 prestitit
2500 1622 2571 1682 de
2598 1640 2783 1699 regno

607 1711 844 1772 Sicilie
827 1731 893 1772 m
919 1712 1189 1772 manibus
1219 1714 1565 1791 legatorum.
1595 1714 1676 1772 Ut
1705 1731 1898 1790 supra.
1935 1712 1966 1771 7
2002 1732 2059 1788 p.
2099 1712 2174 1771 11
2208 1714 2314 1796 A..
2650 1716 2778 1772 531

333 1840 369 1872 ,,
470 1800 568 1862 16.
745 1844 780 1874 ,‚
956 1803 1023 1862 P.
1075 1802 1173 1875 19,
1179 1802 1325 1863 641.
1368 1803 1499 1864 Dat.
1542 1802 1791 1864 Viterbii
1832 1803 2045 1864 XVIII.
2087 1802 2202 1861 kal.
2245 1803 2386 1862 Jun.
2433 1822 2484 1862 a.
2518 1797 2609 1862 20.
2652 1801 2777 1860 202

605 1910 667 1967 p.
696 1890 777 1951 37
814 1891 872 1951 Ο.
2650 1894 2779 1952 532

333 2019 368 2050 ,,
467 1977 564 2037 16.
743 2023 777 2054 ,,
954 1981 1020 2040 Ρ.
1058 1979 1306 2051 19,642.
1338 2014 1427 2023 -
1457 1980 1638 2052 „Cum
1668 1982 1897 2042 tuum“.
1930 1980 2055 2040 205
2088 2000 2146 2056 p.
2181 1980 2262 2039 38
2296 1980 2354 2039 Ο.
2649 1983 2779 2042 533

329 2109 366 2139 ,,
461 2069 497 2127 2
511 2067 567 2129 1.
744 2111 779 2141 ,,
957 2070 1198 2130 Barrolo
1228 2069 1462 2130 domino
1490 2069 1692 2128 Bautii
1720 2070 1997 2145 spiritum
2026 2070 2251 2129 consilii
2280 2069 2539 2129 sanioris.
2570 2069 2781 2128 Contra

603 2158 972 2218 Franciscum
989 2158 1060 2217 de
1081 2158 1252 2218 Tun-i
1270 2160 1504 2219 ecclesie
1520 2158 1962 2218 Mediolanensis
1980 2177 2394 2235 oppressorem.
2419 2191 2500 2204 --
2520 2158 2778 2230 „Nosti“.

605 2247 735 2308 XII.
765 2247 882 2308 kal.
913 2248 1056 2308 Jun.
1087 2267 1137 2307 a.
1172 2244 1265 2308 2⁰.
1302 2248 1422 2307 188
1455 2268 1511 2324 p.
1548 2248 1630 2306 34
1664 2248 1722 2309 O.
2648 2252 2781 2310 584

331 2395 366 2425 „
461 2354 563 2415 23.
739 2396 776 2428 ,,
952 2355 1296 2426 Abbatibus,
1327 2354 1620 2432 prioribus
1636 2357 1744 2415 etc.
1762 2373 1869 2432 per
1884 2354 2177 2432 Angliam,
2196 2355 2481 2427 walliam,
2514 2354 2777 2426 Scotiam4

604 2444 679 2503 ad
708 2462 854 2520 quos
882 2445 1053 2504 litere
1081 2446 1192 2505 iste
1221 2445 1610 2519 pervenerint.
1659 2445 1921 2504 Mittitur
1948 2445 2229 2521 magister
2258 2444 2522 2518 Sinicius,
2554 2462 2777 2503 camere

604 2533 916 2610 apostolice
961 2535 1203 2595 clericus
1217 2579 1232 2607 ‚
1277 2536 1343 2594 in
1370 2533 1651 2612 Angliam
1693 2553 1801 2610 pro
1844 2533 2170 2612 colligenda
2212 2534 2458 2611 pecunia
2486 2553 2591 2610 pro
2621 2534 2779 2593 terra

604 2624 816 2684 sancta.
847 2658 935 2668 —
966 2625 1148 2695 „Cum
1177 2623 1248 2683 de
1278 2624 1638 2684 discretionis
1666 2627 1822 2701 tue“.
1853 2625 1922 2684 X.
1940 2623 2056 2684 kal.
2074 2625 2216 2684 Jun.
2235 2644 2285 2683 a.
2310 2619 2400 2683 3⁰.
2425 2623 2458 2683 7
2481 2624 2548 2683 Β.
2646 2627 2775 2686 535

327 2772 363 2803 ,,
458 2731 560 2790 23.
737 2773 771 2803 ,,
952 2731 1163 2790 Sinicio
1180 2732 1386 2791 clerico
1405 2749 1626 2792 camere
1642 2733 1841 2791 nostre
1859 2733 2042 2807 apost.
2076 2731 2227 2791 sedis
2254 2730 2484 2791 nuntio,
2515 2731 2778 2791 Mittitur

603 2819 669 2878 in
697 2819 993 2897 Angliam.
1023 2821 1103 2879 Ut
1131 2838 1324 2897 supra.
1358 2821 1394 2879 8
1426 2822 1492 2880 Β.
2646 2825 2776 2883 536

327 2969 364 2999 ,,
459 2927 563 2988 23.
740 2970 775 3001 ,,
951 2926 1101 3005 Regi
1128 2928 1361 3005 Anglie.
1405 2929 1486 2987 Ut
1525 2946 1765 2987 censum
1792 2927 2047 2987 Romane
2089 2928 2325 2987 ecclesie
2368 2946 2473 3004 per
2515 2927 2776 3004 quinque

592 3016 722 3092 jam
750 3034 931 3076 annos
958 3035 1080 3076 non
1109 3017 1370 3076 solutum
1398 3018 1464 3077 in
1492 3017 1763 3077 manibus
1781 3016 1979 3076 Sinicii
2012 3017 2319 3093 persolvat.
2342 3050 2423 3060 -—
2457 3017 2776 3088 „Quanto“.

601 3105 669 3164 X.
699 3105 815 3166 kal.
844 3106 985 3166 Jun.
1016 3126 1067 3166 a.
1101 3101 1194 3166 20.
1228 3108 1264 3165 9
1297 3106 1364 3166 B.
2645 3110 2773 3167 537

308 3211 373 3286 (‚,
452 3213 581 3290 23.)
715 3209 803 3292 (‚,)
951 3212 1173 3273 Eidem.
1204 3213 1289 3271 De
1317 3212 1536 3273 eodem.
1574 3213 1653 3271 10
1685 3212 1752 3272 Β.
2645 3216 2774 3298 538

323 3362 362 3390 ,,
456 3320 556 3379 23.
734 3361 769 3391 „
944 3318 1166 3396 Regine
1193 3320 1428 3396 Anglie.
1458 3320 1537 3378 Ut
1578 3319 1737 3395 apud
1778 3319 1975 3379 virum
2016 3337 2193 3379 suum
2234 3338 2500 3379 annuum
2536 3337 2775 3381 censum

603 3408 838 3468 ecclesie
867 3409 1119 3467 Romane
1150 3387 1415 3468 debitum
1444 3408 1790 3469 solvendum
1834 3410 2013 3468 curet.
2052 3409 2133 3468 Ut
2160 3426 2353 3484 supra.
2392 3409 2423 3468 1
2436 3408 2467 3467 1
2500 3409 2567 3469 Β.
2701 3409 2775 3469 In

601 3517 651 3558 e.
681 3517 760 3558 m.
790 3497 1076 3557 Edwardo
1105 3499 1499 3575 primogenito
1528 3498 1715 3573 ipsius
1741 3499 1917 3575 regis.
2644 3503 2774 3561 539

320 3650 360 3680 ,,
452 3606 554 3666 23.
732 3647 767 3677 ,,
945 3604 1006 3663 Ο.
1026 3605 1212 3664 sancti
1227 3604 1469 3664 Adriani
1488 3605 1629 3664 dioc
1652 3607 1834 3680 apost.
1865 3605 1980 3664 sed.
2011 3606 2221 3682 legato.
2254 3606 2334 3665 Ut
2347 3624 2548 3684 regem
2559 3604 2775 3683 Anglie

600 3694 674 3753 ad
701 3693 858 3753 idem
885 3693 1142 3753 inducat.
1171 3727 1261 3737 —-
1290 3694 1401 3767 „Et
1431 3695 1534 3754 si“.
1564 3694 1696 3754 Dat.
1726 3697 1798 3753 ut
1826 3712 2020 3770 supra.
2058 3696 2134 3754 12
2166 3695 2234 3755 Β.
2643 3700 2774 3757 540

305 3802 370 3876 (‚,
453 3802 580 3880 23.)
719 3801 759 3874 (‚
763 3805 805 3879 ,)
952 3802 1046 3860 σο.
1077 3801 1147 3859 de
1179 3801 1378 3859 cantia
1407 3801 1526 3861 ord.
1558 3802 1700 3861 Min
1729 3801 1815 3860 De
1845 3801 2063 3861 eodem.
2099 3802 2177 3860 13
2209 3802 2276 3862 B.
2642 3806 2769 3863 541

318 3951 357 3982 „
454 3909 554 3968 23.
734 3951 768 3980 ,,
944 3907 1229 3984 Episcopo
1258 3908 1628 3986 Lingonensi.
1675 3908 1886 3967 Contra
1925 3908 2232 3968 Nicolaum
2273 3910 2636 3985 prepositum
2677 3925 2771 3967 ec·

599 3997 768 4056 clesie
797 3996 1014 4055 Montis
1044 3996 1250 4056 Sinesii
1263 4040 1277 4067 ,
1322 3997 1429 4071 qui
1469 3997 1691 4056 falsatis
1729 3997 1915 4056 literis
1945 3998 2274 4073 apostolicis
2302 3999 2366 4056 in
2396 3997 2637 4057 diversis
2665 4016 2770 4057 ne·-

601 4086 778 4162 gotiis
805 4087 927 4144 tam
959 4086 1021 4144 in
1038 4086 1294 4158 Francia,
1325 4105 1504 4161 quam
1520 4086 1586 4145 in
1601 4086 1819 4165 Anglia
1837 4088 2242 4146 auctoritatem
2260 4086 2371 4145 sibi
2388 4088 2773 4164 usurpaverat

599 4177 659 4234 et
688 4195 723 4233 a
753 4175 994 4235 diversis
1023 4177 1240 4234 certam
1268 4178 1563 4251 receperat
1607 4176 1851 4250 pecunie
1896 4176 2299 4251 quantitatem.
2331 4209 2419 4219 —-
2449 4176 2772 4248 „Not-itiam

596 4256 1654 4324 tuam‘ſtrkaalsunawsssss
2639 4270 2769 4329 542

299 4354 367 4429 (η
448 4354 639 4432 23.)
755 4395 788 4424 ,,
966 4352 1053 4412 De
1095 4371 1164 4413 eo
1206 4354 1384 4413 etiam
1426 4371 1605 4436 supra
1648 4373 1738 4442 ep.
1770 4353 1850 4412 47
1900 4354 2036 4416 data
2065 4371 2215 4425 anno
2253 4346 2343 4426 1⁰.
2330 4398 2373 4427 .‚
2417 4354 2561 4414 item
2588 4355 2675 4415 59
2708 4356 2771 4414 et

601 4407 782 4509 6013.
810 4441 1142 4514 Deeodem
2363 4434 2368 4439 ’
2638 4448 2768 4521 {⁵43
